3166 5212
204 489 306 536 sarno
320 471 374 563 vt]
557 495 718 549 securint
738 494 835 548 erus.

203 659 369 715 sedunum
396 657 542 714 talentum
566 656 664 732 signat
688 657 866 732 recipientes
889 657 1022 732 graciam
1048 660 1102 718 Dei
1126 661 1190 720 sine

203 744 418 820 negociacione
441 746 488 801 vel
511 762 603 819 opere
626 743 707 802 iuxta
731 745 815 818 illud,
838 759 866 803 et
882 745 952 803 licet
969 746 1026 822 ipsi
1043 748 1191 823 recipiant

203 833 350 890 talentum
368 833 407 888 ad
429 830 475 888 sui
497 831 761 906 dampnacionem,
787 832 924 891 Christus
941 847 1044 891 tamen
1059 836 1190 910 gloriose

203 923 296 977 donat
319 920 358 976 ad
382 918 610 992 magnificencie
633 937 685 976 sue
708 919 958 978 ostentacionem.

179 1008 192 1062 5
247 1006 402 1064 Profectus
425 1018 469 1063 est
493 1018 594 1063 autem
618 1005 732 1078 statim,
757 1007 828 1084 quia
851 1020 977 1082 propter
1000 1011 1079 1068 dona
1104 1010 1191 1085 spiri-

204 1093 297 1152 tualia
335 1111 394 1168 que
433 1095 526 1150 donat
564 1094 730 1150 secundum
770 1093 958 1152 divinitatem
997 1116 1057 1154 non
1090 1100 1191 1155 tardat

204 1181 367 1258 quicquam
396 1180 495 1237 facere
522 1182 687 1238 secundum
718 1181 949 1239 humanitatem.
978 1183 1060 1241 Abiit
1088 1198 1189 1242 autem

205 1281 331 1344 uterque
348 1286 450 1325 servus
467 1267 564 1325 fidelis
581 1280 610 1325 et
626 1268 800 1343 negociatus
817 1281 861 1326 est
877 1269 1062 1344 duplicando
1079 1272 1191 1330 talenta

203 1356 234 1414 in
258 1373 350 1431 opere
372 1355 508 1412 virtuoso
531 1356 582 1412 sed
611 1355 722 1413 tercius
750 1355 893 1414 deficiens
921 1356 952 1413 in
981 1358 1075 1416 tercio
1103 1359 1190 1433 signo

163 1443 279 1501 rofodit
302 1441 461 1517 pecuniam
487 1455 516 1500 et
539 1442 697 1500 abscondit
720 1442 751 1500 in
775 1458 865 1515 terra,
889 1447 1011 1519 quando
1036 1445 1189 1521 ingenium

202 1531 341 1589 naturale
357 1542 386 1587 et
402 1531 483 1587 dona
499 1529 669 1604 spiritualia
685 1531 837 1589 consumit
854 1531 885 1590 in
902 1532 1027 1590 terrenis
1044 1533 1189 1609 negociis.

202 1620 239 1675 Et
262 1637 323 1675 non
347 1616 474 1692 insurgit
497 1618 535 1674 ad
556 1619 733 1676 elevandum
752 1618 909 1676 ecclesiam
928 1621 967 1676 ad
983 1620 1093 1679 divina.
1119 1625 1191 1680 Post

203 1706 331 1763 multum
355 1722 426 1762 vero
450 1704 596 1779 temporis
619 1705 691 1781 quia
714 1707 868 1781 completo
891 1725 980 1764 cursu
1008 1708 1105 1767 tocius
1127 1710 1190 1768 via·

202 1792 298 1850 cionis
329 1791 411 1849 venit
439 1791 576 1849 Christus
608 1792 761 1867 positurus
794 1793 946 1850 racionem
977 1815 1032 1869 pro
1061 1796 1190 1854 minimo

163 1882 370 1956 tiquadrante
394 1881 475 1954 quod
499 1880 537 1936 ab
560 1879 618 1937 isto
650 1893 815 1955 receperat.
849 1882 886 1937 Et
920 1894 1004 1955 patet
1034 1883 1188 1941 sentencia

202 1979 298 2025 textus
322 1985 356 2024 ex
379 1984 520 2024 sermone
543 1966 692 2041 proximo.

245 2054 334 2112 Circa
345 2056 403 2112 hoc
413 2053 600 2129 evangelium
614 2056 782 2111 notandum
798 2055 890 2129 quod,
902 2053 963 2112 sive
978 2055 1068 2113 fuerit
1081 2059 1186 2114 eadem
1216 2056 1276 2102 This
1292 2059 1386 2113 paratu

202 2143 349 2217 parabola
360 2141 472 2199 Christi
490 2144 569 2198 Luce
579 2143 662 2198 XlX⁰
678 2141 739 2199 sive
756 2141 825 2212 alia,
844 2139 1010 2200 concordat
1026 2143 1188 2219 utrobique
1218 2111 1379 2207 iiiiiii'eaii

202 2229 364 2300 sentencia,
401 2228 473 2304 quia
505 2230 598 2286 homo
630 2228 680 2286 ille
716 2227 826 2286 nobilis
863 2228 937 2286 abiit
969 2229 1000 2286 in
1032 2229 1187 2304 regionem
1232 2215 1371 2313 Lffiffix·

159 2336 192 2372 20
201 2316 397 2392 longinquam
422 2328 450 2373 et
466 2315 523 2373 fuit
537 2333 662 2391 peregre
677 2315 872 2391 proficiscens
888 2316 1066 2393 vocavitque
1082 2319 1186 2376 decem

201 2391 302 2462 servos
325 2422 395 2461 suos
411 2416 440 2460 et
457 2402 538 2461 dedit
556 2402 614 2460 illis
631 2402 856 2460 universitatem
879 2422 1019 2461 mnarum
1036 2423 1094 2480 que
1118 2419 1187 2462 sunt

201 2493 315 2561 decem,
345 2490 488 2567 quinque,
520 2492 580 2546 duo
612 2491 726 2548 talenta
758 2503 786 2547 et
818 2491 1042 2568 qualescunque
1068 2492 1188 2550 numeri

200 2577 354 2653 signandi3
379 2591 407 2635 et
431 2577 474 2635 sic
497 2580 534 2634 de
557 2577 649 2635 servis
673 2577 795 2634 Christi.
820 2581 881 2635 Nec
911 2579 1000 2636 refert
1027 2578 1088 2637 sive
1116 2599 1187 2638 con-

199 2665 342 2723 stituatur
365 2683 456 2740 super
479 2663 612 2740 quinque
636 2664 781 2736 civitates,
805 2665 868 2722 sive
884 2664 975 2723 intret
991 2665 1022 2723 in
1042 2667 1185 2741 gaudium

157 2752 356 2824 25circulare,
380 2751 457 2810 sicut
480 2770 536 2809 nec
560 2753 649 2809 refert
673 2751 734 2809 sive
767 2751 895 2827 pecunia
927 2765 991 2810 erat
1023 2753 1122 2828 posita
1155 2754 1186 2811 in

199 2839 322 2898 sudario
353 2839 415 2897 sive
447 2839 624 2897 abscondita
656 2838 712 2896 fuit
749 2839 780 2896 in
812 2851 901 2911 terra,
936 2858 992 2898 nec
1024 2843 1109 2898 obest
1141 2842 1187 2899 vel

199 2941 346 3003 repugnat
369 2925 523 3001 evangelio
547 2928 630 3001 quod
652 2946 730 2984 unus
756 2927 936 3001 evangelista
962 2927 1044 3003 capit
1068 2943 1187 2985 senten-

198 3013 277 3072 ciam
306 3033 397 3090 quam
432 3013 509 3071 alius
542 3013 677 3086 dimittit,
710 3016 781 3071 dum
810 3027 913 3071 tamen
941 3016 1128 3073 concordant
1155 3016 1186 3073 in

198 3101 352 3159 sentencia
375 3103 413 3159 ad
437 3100 681 3158 instruccionem.
707 3104 743 3157 Et
768 3101 809 3159 sic
826 3103 864 3158 ad
881 3100 1042 3159 utilitatem
1061 3103 1186 3161 ecclesie

155 3195 227 3247 3o-et
255 3189 318 3246 eius
345 3187 596 3246 informacionem
622 3187 676 3244 fuit
700 3191 782 3264 quod
806 3188 935 3263 Spiritus
960 3189 1088 3247 Sanctus
1116 3190 1186 3247 fecit

198 3291 249 3334 eos
273 3275 302 3333 in
325 3275 423 3333 verbis
452 3269 710 3345 taliter'variare;
744 3275 831 3332 aliter
859 3275 939 3332 enim
967 3276 1092 3334 omnino
1121 3290 1185 3335 erat

198 3363 385 3439 superfluum
409 3374 438 3420 et
462 3361 655 3437 nugatorium
681 3363 834 3437 evangelia
857 3363 1014 3437 geminari.

242 3451 301 3508 Sed
332 3449 411 3507 circa
445 3451 503 3507 hoc
541 3449 727 3524 evangelium
767 3449 992 3508 racionabiliter
1031 3451 1185 3509 dubitatur
1205 3467 1387 3530 silvesterusin

198 3551 298 3595 utrum
332 3539 437 3594 beatus
465 3536 606 3594 Silvester
639 3536 689 3612 qui
722 3536 837 3611 primus
872 3537 985 3613 recepit
1017 3538 1184 3596 notabilem
1217 3528 1377 3616 ζᾎὲζζῇξξὲξ

154 3631 186 3687 3⁵
197 3625 388 3683 dotacionem
413 3622 538 3681 ecclesie
561 3624 592 3681 in
609 3625 666 3682 hoc
682 3624 861 3699 peccaverit.
886 3629 947 3682 Nec
964 3625 1089 3682 dubium
1107 3625 1179 3701 quin

197 3712 255 3770 isto
279 3711 390 3770 delicto
416 3711 548 3769 maximo
573 3713 743 3769 maculatur
766 3731 857 3769 omne
873 3730 966 3787 genus
983 3711 1117 3783 ecclesie,
1142 3713 1185 3771 sic

198 3802 279 3876 quod
296 3802 334 3858 de
350 3799 416 3875 ipsa
432 3798 492 3856 dici
509 3811 609 3874 potest
626 3801 792 3856 secundum
809 3798 909 3857 viriles
932 3812 1034 3875 partes
1059 3800 1184 3858 ecclesie

248 3986 308 4029 uA:
318 3983 472 4080 ”fff'cifflwi
483 3983 554 4027 iun:
565 3982 737 4079 licetepiscopi.
767 3982 857 4038 6,7.A:
868 3982 1047 4026 divinitatem-
1055 3983 1184 4026 secundum

197 4037 268 4080 deest.
303 4049 325 4092 9.
382 4037 467 4079 tercius
478 4035 549 4079 deest.
586 4047 617 4078 to.
677 4034 780 4088 quando.
819 4034 1051 4078 rt.E:e0nsumerit.
1087 4048 1118 4088 14·
1131 4035 1183 4079 DE:

196 4090 259 4133 venit
271 4088 346 4133 Jeaus.
395 4088 423 4133 15.
438 4089 472 4134 A:
488 4094 628 4144 receperant.
678 4099 708 4141 17.
723 4088 757 4130 A:
774 4087 817 4130 boc
832 4087 908 4139 deest;
923 4087 954 4130 ib.
965 4089 1000 4130 A:
1015 4087 1095 4130 eadem
1111 4088 1183 4132 deest.

196 4153 230 4185 aa.
245 4143 279 4186 A:
293 4142 329 4184 vel
344 4140 416 4202 eciam
431 4140 607 4235 qualiscunque.
654 4150 690 4236 tq.
705 4141 740 4182 A:
755 4138 860 4200 intrent..
890 4151 923 4194 ²7·
939 4139 1029 4199 Codd:
1046 4152 1183 4195 repugnare.

196 4193 541 4251 29.DE:adrnstruccrouem
573 4199 628 4235 cest.
683 4190 1045 4235 o.l)l3:erusrnstruccroncm.
1087 4190 1117 4235 31.
1129 4193 1182 4236 DE:

196 4245 292 4299 variam
300 4246 371 4289 iun:
380 4245 441 4289 enim
451 4245 521 4288 deest.
550 4243 583 4289 32.
590 4245 624 4287 A:
634 4243 809 4298 mitigatorium.
837 4241 870 4287 33.
877 4243 969 4288 ADEin
976 4256 1049 4300 marg.
1058 4259 1063 4287 ε
1072 4243 1182 4287 Dubium.

197 4297 233 4352 34.
243 4300 277 4343 A:
293 4298 383 4355 primm
398 4299 428 4341 ib.
440 4299 493 4342 DE:
507 4297 633 4341 notabilem
648 4297 720 4339 deest.
761 4294 825 4340 351)
841 4295 863 4338 in
880 4308 966 4351 marg:
982 4295 1079 4340 Dotacio
1093 4304 1184 4352 tempo·

198 4351 281 4395 talium
296 4352 396 4395 maculat
409 4351 506 4395 clerum.
547 4348 628 4394 36.·n:
644 4349 779 4392 maculetur.
820 4346 928 4403 37.'Ain
944 4360 1030 4403 marg:
1045 4347 1182 4404 Responsio.

248 4439 290 4494 35.
309 4440 349 4493 Cf.
369 4442 407 4493 De
426 4443 553 4506 Ecclesia,
572 4457 628 4510 cap.
649 4441 721 4505 XVI,
741 4449 803 4508 pag.
824 4439 873 4508 359
893 4443 920 4490 et
938 4454 1013 4506 seqq.
1104 4461 1105 4464 ¹
