<?xml version="1.0" encoding="UTF-8"?>
<!DOCTYPE html PUBLIC "-//W3C//DTD XHTML 1.0 Transitional//EN"
    "http://www.w3.org/TR/xhtml1/DTD/xhtml1-transitional.dtd">
<html xmlns="http://www.w3.org/1999/xhtml" xml:lang="en" lang="en">
 <head>
  <title>
</title>
<meta http-equiv="Content-Type" content="text/html;charset=utf-8" />
  <meta name='ocr-system' content='tesseract 3.04.00' />
  <meta name='ocr-capabilities' content='ocr_page ocr_carea ocr_par ocr_line ocrx_word'/>
</head>
<body>
  <div class='ocr_page' id='page_1' title='image "./iohanniswyclifs02mattgoog/iohanniswyclifs02mattgoog_0420.png"; bbox 0 0 3166 5212; ppageno 0'>
   <div class='ocr_carea' id='block_1_1' title="bbox 201 501 836 589">
    <p class='ocr_par' dir='ltr' id='par_1_1' title="bbox 201 501 836 589">
     <span class='ocr_line' id='line_1_1' title="bbox 201 501 836 589; baseline 0.011 -24"><span class='ocrx_word' id='word_1_1' title='bbox 201 517 304 562; x_wconf 80' lang='lat' dir='ltr'>serito</span> <span class='ocrx_word' id='word_1_2' title='bbox 321 501 382 589; x_wconf 56' lang='lat' dir='ltr'>¹⁴V·l</span> <span class='ocrx_word' id='word_1_3' title='bbox 559 523 718 575; x_wconf 78' lang='lat' dir='ltr'>saeuum</span> <span class='ocrx_word' id='word_1_4' title='bbox 741 524 836 573; x_wconf 73' lang='lat' dir='ltr'>enas.</span> 
     </span>
    </p>
   </div>
   <div class='ocr_carea' id='block_1_2' title="bbox 153 684 1408 4058">
    <p class='ocr_par' dir='ltr' id='par_1_2' title="bbox 176 684 1192 1108">
     <span class='ocr_line' id='line_1_2' title="bbox 202 684 1192 759; baseline 0.001 -20"><span class='ocrx_word' id='word_1_5' title='bbox 202 702 343 757; x_wconf 77' lang='lat' dir='ltr'>perverso</span> <span class='ocrx_word' id='word_1_6' title='bbox 362 684 419 738; x_wconf 87' lang='lat' dir='ltr'>tine</span> <span class='ocrx_word' id='word_1_7' title='bbox 436 685 601 739; x_wconf 86' lang='lat' dir='ltr'>abutuntur</span> <span class='ocrx_word' id='word_1_8' title='bbox 618 685 706 741; x_wconf 93' lang='lat' dir='ltr'>donis</span> <span class='ocrx_word' id='word_1_9' title='bbox 723 685 786 753; x_wconf 87' lang='lat' dir='ltr'>Dei,</span> <span class='ocrx_word' id='word_1_10' title='bbox 810 704 827 741; x_wconf 82' lang='lat' dir='ltr'>a</span> <span class='ocrx_word' id='word_1_11' title='bbox 848 685 1005 759; x_wconf 90' lang='lat' dir='ltr'>proposito</span> <span class='ocrx_word' id='word_1_12' title='bbox 1027 704 1082 741; x_wconf 90' lang='lat' dir='ltr'>suo</span> <span class='ocrx_word' id='word_1_13' title='bbox 1105 687 1192 758; x_wconf 78' lang='lat' dir='ltr'>dege-</span> 
     </span>
     <span class='ocr_line' id='line_1_3' title="bbox 202 771 1191 847; baseline 0.002 -22"><span class='ocrx_word' id='word_1_14' title='bbox 202 784 318 840; x_wconf 88' lang='lat' dir='ltr'>nerant,</span> <span class='ocrx_word' id='word_1_15' title='bbox 348 783 376 826; x_wconf 91' lang='lat' dir='ltr'>et</span> <span class='ocrx_word' id='word_1_16' title='bbox 405 784 507 826; x_wconf 91' lang='lat' dir='ltr'>tamen</span> <span class='ocrx_word' id='word_1_17' title='bbox 538 771 641 828; x_wconf 90' lang='lat' dir='ltr'>dicunt</span> <span class='ocrx_word' id='word_1_18' title='bbox 671 772 773 828; x_wconf 90' lang='lat' dir='ltr'>multis</span> <span class='ocrx_word' id='word_1_19' title='bbox 803 773 901 828; x_wconf 89' lang='lat' dir='ltr'>modis</span> <span class='ocrx_word' id='word_1_20' title='bbox 929 771 1085 847; x_wconf 85' lang='lat' dir='ltr'>implicitis</span> <span class='ocrx_word' id='word_1_21' title='bbox 1110 774 1191 846; x_wconf 88' lang='lat' dir='ltr'>quod</span> 
     </span>
     <span class='ocr_line' id='line_1_4' title="bbox 203 858 1191 934; baseline 0.003 -23"><span class='ocrx_word' id='word_1_22' title='bbox 203 861 281 913; x_wconf 84' lang='lat' dir='ltr'>Deus</span> <span class='ocrx_word' id='word_1_23' title='bbox 299 877 420 913; x_wconf 89' lang='lat' dir='ltr'>omnem</span> <span class='ocrx_word' id='word_1_24' title='bbox 439 858 528 914; x_wconf 85' lang='lat' dir='ltr'>linem</span> <span class='ocrx_word' id='word_1_25' title='bbox 546 878 633 914; x_wconf 91' lang='lat' dir='ltr'>suum</span> <span class='ocrx_word' id='word_1_26' title='bbox 652 858 780 916; x_wconf 83' lang='lat' dir='ltr'>intendit</span> <span class='ocrx_word' id='word_1_27' title='bbox 798 873 825 916; x_wconf 93' lang='lat' dir='ltr'>et</span> <span class='ocrx_word' id='word_1_28' title='bbox 842 859 981 916; x_wconf 86' lang='lat' dir='ltr'>consulit.</span> <span class='ocrx_word' id='word_1_29' title='bbox 1008 863 1092 917; x_wconf 88' lang='lat' dir='ltr'>Patet</span> <span class='ocrx_word' id='word_1_30' title='bbox 1109 861 1191 934; x_wconf 90' lang='lat' dir='ltr'>quod</span> 
     </span>
     <span class='ocr_line' id='line_1_5' title="bbox 202 944 1190 1021; baseline 0.005 -22"><span class='ocrx_word' id='word_1_31' title='bbox 202 944 339 1001; x_wconf 85' lang='lat' dir='ltr'>faciendo</span> <span class='ocrx_word' id='word_1_32' title='bbox 357 945 414 1001; x_wconf 83' lang='lat' dir='ltr'>tine</span> <span class='ocrx_word' id='word_1_33' title='bbox 431 945 513 1002; x_wconf 88' lang='lat' dir='ltr'>fatuo</span> <span class='ocrx_word' id='word_1_34' title='bbox 525 948 621 1002; x_wconf 87' lang='lat' dir='ltr'>Deum</span> <span class='ocrx_word' id='word_1_35' title='bbox 632 950 790 1021; x_wconf 90' lang='lat' dir='ltr'>(quantum</span> <span class='ocrx_word' id='word_1_36' title='bbox 805 946 835 1002; x_wconf 90' lang='lat' dir='ltr'>in</span> <span class='ocrx_word' id='word_1_37' title='bbox 851 946 923 1021; x_wconf 89' lang='lat' dir='ltr'>ipsis</span> <span class='ocrx_word' id='word_1_38' title='bbox 936 951 992 1017; x_wconf 83' lang='lat' dir='ltr'>est)</span> <span class='ocrx_word' id='word_1_39' title='bbox 1003 946 1190 1017; x_wconf 80' lang='lat' dir='ltr'>stultificant,</span> 
     </span>
     <span class='ocr_line' id='line_1_6' title="bbox 176 1032 1189 1108; baseline 0.006 -24"><span class='ocrx_word' id='word_1_40' title='bbox 176 1035 283 1105; x_wconf 63' lang='lat' dir='ltr'>§quod</span> <span class='ocrx_word' id='word_1_41' title='bbox 301 1046 344 1088; x_wconf 89' lang='lat' dir='ltr'>est</span> <span class='ocrx_word' id='word_1_42' title='bbox 362 1032 550 1106; x_wconf 86' lang='lat' dir='ltr'>blasphemia</span> <span class='ocrx_word' id='word_1_43' title='bbox 568 1033 727 1091; x_wconf 88' lang='lat' dir='ltr'>manifesta</span> <span class='ocrx_word' id='word_1_44' title='bbox 743 1033 895 1108; x_wconf 87' lang='lat' dir='ltr'>sapiencie</span> <span class='ocrx_word' id='word_1_45' title='bbox 912 1033 1009 1108; x_wconf 90' lang='lat' dir='ltr'>prime</span> <span class='ocrx_word' id='word_1_46' title='bbox 1023 1035 1189 1108; x_wconf 77' lang='lat' dir='ltr'>imponere.</span> 
     </span>
    </p>

    <p class='ocr_par' dir='ltr' id='par_1_3' title="bbox 202 1119 1408 1458">
     <span class='ocr_line' id='line_1_7' title="bbox 245 1119 1407 1197; baseline 0 -23"><span class='ocrx_word' id='word_1_47' title='bbox 245 1122 281 1174; x_wconf 87' lang='lat' dir='ltr'>Et</span> <span class='ocrx_word' id='word_1_48' title='bbox 310 1132 393 1193; x_wconf 90' lang='lat' dir='ltr'>patet</span> <span class='ocrx_word' id='word_1_49' title='bbox 423 1139 514 1194; x_wconf 89' lang='lat' dir='ltr'>quam</span> <span class='ocrx_word' id='word_1_50' title='bbox 544 1120 664 1195; x_wconf 86' lang='lat' dir='ltr'>spissim</span> <span class='ocrx_word' id='word_1_51' title='bbox 695 1119 802 1195; x_wconf 89' lang='lat' dir='ltr'>prelati</span> <span class='ocrx_word' id='word_1_52' title='bbox 836 1119 962 1178; x_wconf 86' lang='lat' dir='ltr'>ecclesie</span> <span class='ocrx_word' id='word_1_53' title='bbox 994 1121 1045 1197; x_wconf 91' lang='lat' dir='ltr'>qui</span> <span class='ocrx_word' id='word_1_54' title='bbox 1080 1124 1407 1190; x_wconf 66' lang='lat' dir='ltr'>debentlrisbtasphuny</span> 
     </span>
     <span class='ocr_line' id='line_1_8' title="bbox 202 1183 1408 1283; baseline 0.003 -21"><span class='ocrx_word' id='word_1_55' title='bbox 202 1205 355 1262; x_wconf 86' lang='lat' dir='ltr'>Christum</span> <span class='ocrx_word' id='word_1_56' title='bbox 380 1207 432 1282; x_wconf 93' lang='lat' dir='ltr'>qui</span> <span class='ocrx_word' id='word_1_57' title='bbox 456 1221 500 1264; x_wconf 90' lang='lat' dir='ltr'>est</span> <span class='ocrx_word' id='word_1_58' title='bbox 524 1207 678 1283; x_wconf 88' lang='lat' dir='ltr'>sapiencia</span> <span class='ocrx_word' id='word_1_59' title='bbox 703 1207 756 1264; x_wconf 89' lang='lat' dir='ltr'>Dei</span> <span class='ocrx_word' id='word_1_60' title='bbox 775 1208 868 1282; x_wconf 88' lang='lat' dir='ltr'>patris</span> <span class='ocrx_word' id='word_1_61' title='bbox 887 1208 1020 1278; x_wconf 89' lang='lat' dir='ltr'>laudare,</span> <span class='ocrx_word' id='word_1_62' title='bbox 1046 1183 1408 1283; x_wconf 57' lang='lat' dir='ltr'>precipuectiiiiisi⁰niill1n</span> 
     </span>
     <span class='ocr_line' id='line_1_9' title="bbox 202 1293 1404 1383; baseline 0.004 -35"><span class='ocrx_word' id='word_1_63' title='bbox 202 1293 414 1367; x_wconf 86' lang='lat' dir='ltr'>blasphemant</span> <span class='ocrx_word' id='word_1_64' title='bbox 439 1293 468 1350; x_wconf 92' lang='lat' dir='ltr'>in</span> <span class='ocrx_word' id='word_1_65' title='bbox 492 1313 561 1351; x_wconf 89' lang='lat' dir='ltr'>eum</span> <span class='ocrx_word' id='word_1_66' title='bbox 591 1295 742 1363; x_wconf 79' lang='lat' dir='ltr'>continue,</span> <span class='ocrx_word' id='word_1_67' title='bbox 773 1295 844 1370; x_wconf 91' lang='lat' dir='ltr'>quia</span> <span class='ocrx_word' id='word_1_68' title='bbox 868 1295 1012 1371; x_wconf 89' lang='lat' dir='ltr'>quicquid</span> <span class='ocrx_word' id='word_1_69' title='bbox 1037 1310 1088 1352; x_wconf 90' lang='lat' dir='ltr'>aut</span> <span class='ocrx_word' id='word_1_70' title='bbox 1113 1316 1188 1371; x_wconf 91' lang='lat' dir='ltr'>quo·</span> <span class='ocrx_word' id='word_1_71' title='bbox 1204 1294 1404 1383; x_wconf 59' lang='lat' dir='ltr'>diiiino&#39;elieiie</span> 
     </span>
     <span class='ocr_line' id='line_1_10' title="bbox 203 1381 1351 1458; baseline -0.001 -23"><span class='ocrx_word' id='word_1_72' title='bbox 203 1381 367 1438; x_wconf 89' lang='lat' dir='ltr'>modolibet</span> <span class='ocrx_word' id='word_1_73' title='bbox 392 1381 516 1438; x_wconf 88' lang='lat' dir='ltr'>fecerint</span> <span class='ocrx_word' id='word_1_74' title='bbox 540 1382 643 1439; x_wconf 90' lang='lat' dir='ltr'>dicunt</span> <span class='ocrx_word' id='word_1_75' title='bbox 667 1381 814 1457; x_wconf 90' lang='lat' dir='ltr'>implicite</span> <span class='ocrx_word' id='word_1_76' title='bbox 838 1385 919 1457; x_wconf 93' lang='lat' dir='ltr'>quod</span> <span class='ocrx_word' id='word_1_77' title='bbox 948 1382 1022 1439; x_wconf 90' lang='lat' dir='ltr'>illud</span> <span class='ocrx_word' id='word_1_78' title='bbox 1051 1383 1189 1458; x_wconf 86' lang='lat' dir='ltr'>procedit</span> <span class='ocrx_word' id='word_1_79' title='bbox 1250 1384 1351 1435; x_wconf 76' lang='lat' dir='ltr'>&#39;tobim</span> 
     </span>
    </p>

    <p class='ocr_par' dir='ltr' id='par_1_4' title="bbox 160 1466 1189 1894">
     <span class='ocr_line' id='line_1_11' title="bbox 160 1466 1188 1541; baseline 0.006 -20"><span class='ocrx_word' id='word_1_80' title='bbox 160 1486 218 1523; x_wconf 88' lang='lat' dir='ltr'>roa</span> <span class='ocrx_word' id='word_1_81' title='bbox 243 1467 324 1524; x_wconf 91' lang='lat' dir='ltr'>fonte</span> <span class='ocrx_word' id='word_1_82' title='bbox 349 1466 554 1526; x_wconf 89' lang='lat' dir='ltr'>ordinacionis</span> <span class='ocrx_word' id='word_1_83' title='bbox 578 1489 640 1526; x_wconf 90' lang='lat' dir='ltr'>sue.</span> <span class='ocrx_word' id='word_1_84' title='bbox 681 1470 756 1541; x_wconf 88' lang='lat' dir='ltr'>Quis</span> <span class='ocrx_word' id='word_1_85' title='bbox 785 1469 864 1526; x_wconf 91' lang='lat' dir='ltr'>enim</span> <span class='ocrx_word' id='word_1_86' title='bbox 894 1483 1032 1527; x_wconf 90' lang='lat' dir='ltr'>nostrum</span> <span class='ocrx_word' id='word_1_87' title='bbox 1058 1484 1101 1527; x_wconf 91' lang='lat' dir='ltr'>est</span> <span class='ocrx_word' id='word_1_88' title='bbox 1126 1484 1188 1527; x_wconf 89' lang='lat' dir='ltr'>tam</span> 
     </span>
     <span class='ocr_line' id='line_1_12' title="bbox 201 1554 1189 1632; baseline 0.004 -22"><span class='ocrx_word' id='word_1_89' title='bbox 201 1557 286 1611; x_wconf 87' lang='lat' dir='ltr'>deses</span> <span class='ocrx_word' id='word_1_90' title='bbox 310 1554 383 1629; x_wconf 92' lang='lat' dir='ltr'>quin</span> <span class='ocrx_word' id='word_1_91' title='bbox 407 1556 595 1613; x_wconf 91' lang='lat' dir='ltr'>defendendo</span> <span class='ocrx_word' id='word_1_92' title='bbox 619 1576 706 1613; x_wconf 90' lang='lat' dir='ltr'>suum</span> <span class='ocrx_word' id='word_1_93' title='bbox 725 1559 849 1613; x_wconf 92' lang='lat' dir='ltr'>modum</span> <span class='ocrx_word' id='word_1_94' title='bbox 868 1556 985 1614; x_wconf 82' lang='lat' dir='ltr'>vivendi</span> <span class='ocrx_word' id='word_1_95' title='bbox 1009 1556 1090 1615; x_wconf 92' lang='lat' dir='ltr'>dicat</span> <span class='ocrx_word' id='word_1_96' title='bbox 1107 1560 1189 1632; x_wconf 91' lang='lat' dir='ltr'>quod</span> 
     </span>
     <span class='ocr_line' id='line_1_13' title="bbox 201 1641 1189 1719; baseline 0.003 -22"><span class='ocrx_word' id='word_1_97' title='bbox 201 1656 244 1698; x_wconf 91' lang='lat' dir='ltr'>est</span> <span class='ocrx_word' id='word_1_98' title='bbox 269 1641 367 1698; x_wconf 91' lang='lat' dir='ltr'>licitus</span> <span class='ocrx_word' id='word_1_99' title='bbox 392 1662 427 1699; x_wconf 88' lang='lat' dir='ltr'>ac</span> <span class='ocrx_word' id='word_1_100' title='bbox 451 1643 629 1700; x_wconf 79' lang='lat' dir='ltr'>laudabilis?</span> <span class='ocrx_word' id='word_1_101' title='bbox 670 1648 711 1701; x_wconf 87' lang='lat' dir='ltr'>Ex</span> <span class='ocrx_word' id='word_1_102' title='bbox 736 1663 795 1719; x_wconf 92' lang='lat' dir='ltr'>quo</span> <span class='ocrx_word' id='word_1_103' title='bbox 821 1644 977 1701; x_wconf 88' lang='lat' dir='ltr'>manifeste</span> <span class='ocrx_word' id='word_1_104' title='bbox 1001 1644 1189 1702; x_wconf 85' lang='lat' dir='ltr'>convincitur</span> 
     </span>
     <span class='ocr_line' id='line_1_14' title="bbox 201 1729 1188 1806; baseline 0.003 -21"><span class='ocrx_word' id='word_1_105' title='bbox 201 1731 281 1803; x_wconf 94' lang='lat' dir='ltr'>quod</span> <span class='ocrx_word' id='word_1_106' title='bbox 299 1729 437 1804; x_wconf 92' lang='lat' dir='ltr'>procedit</span> <span class='ocrx_word' id='word_1_107' title='bbox 454 1730 606 1788; x_wconf 89' lang='lat' dir='ltr'>fontaliter</span> <span class='ocrx_word' id='word_1_108' title='bbox 619 1751 636 1788; x_wconf 89' lang='lat' dir='ltr'>a</span> <span class='ocrx_word' id='word_1_109' title='bbox 649 1731 802 1806; x_wconf 82' lang='lat' dir='ltr'>sapiencia</span> <span class='ocrx_word' id='word_1_110' title='bbox 816 1733 1006 1806; x_wconf 88' lang='lat' dir='ltr'>supradicta;</span> <span class='ocrx_word' id='word_1_111' title='bbox 1024 1732 1074 1788; x_wconf 91' lang='lat' dir='ltr'>ille</span> <span class='ocrx_word' id='word_1_112' title='bbox 1087 1746 1188 1789; x_wconf 88' lang='lat' dir='ltr'>autem</span> 
     </span>
     <span class='ocr_line' id='line_1_15' title="bbox 200 1816 1189 1894; baseline 0.004 -23"><span class='ocrx_word' id='word_1_113' title='bbox 200 1816 251 1890; x_wconf 91' lang='lat' dir='ltr'>qui</span> <span class='ocrx_word' id='word_1_114' title='bbox 279 1832 368 1890; x_wconf 78' lang='lat' dir='ltr'>negat</span> <span class='ocrx_word' id='word_1_115' title='bbox 397 1836 428 1873; x_wconf 98' lang='lat' dir='ltr'>se</span> <span class='ocrx_word' id='word_1_116' title='bbox 457 1819 586 1892; x_wconf 78' lang='lat' dir='ltr'>regulari</span> <span class='ocrx_word' id='word_1_117' title='bbox 615 1838 632 1875; x_wconf 88' lang='lat' dir='ltr'>a</span> <span class='ocrx_word' id='word_1_118' title='bbox 661 1818 742 1876; x_wconf 91' lang='lat' dir='ltr'>dicta</span> <span class='ocrx_word' id='word_1_119' title='bbox 772 1818 941 1894; x_wconf 84' lang='lat' dir='ltr'>Sapiencia,</span> <span class='ocrx_word' id='word_1_120' title='bbox 972 1821 1023 1875; x_wconf 88' lang='lat' dir='ltr'>sed</span> <span class='ocrx_word' id='word_1_121' title='bbox 1056 1819 1189 1876; x_wconf 85' lang='lat' dir='ltr'>defendit</span> 
     </span>
    </p>

    <p class='ocr_par' dir='ltr' id='par_1_5' title="bbox 160 1904 1188 2239">
     <span class='ocr_line' id='line_1_16' title="bbox 160 1904 1187 1981; baseline 0.008 -27"><span class='ocrx_word' id='word_1_122' title='bbox 160 1906 282 1978; x_wconf 84' lang='lat' dir='ltr'>15qu0d</span> <span class='ocrx_word' id='word_1_123' title='bbox 307 1923 339 1961; x_wconf 89' lang='lat' dir='ltr'>ex</span> <span class='ocrx_word' id='word_1_124' title='bbox 363 1905 518 1962; x_wconf 82' lang='lat' dir='ltr'>voluntate</span> <span class='ocrx_word' id='word_1_125' title='bbox 543 1919 571 1961; x_wconf 89' lang='lat' dir='ltr'>et</span> <span class='ocrx_word' id='word_1_126' title='bbox 596 1904 769 1962; x_wconf 89' lang='lat' dir='ltr'>intencione</span> <span class='ocrx_word' id='word_1_127' title='bbox 792 1906 917 1981; x_wconf 87' lang='lat' dir='ltr'>propria</span> <span class='ocrx_word' id='word_1_128' title='bbox 935 1905 1016 1962; x_wconf 89' lang='lat' dir='ltr'>licite</span> <span class='ocrx_word' id='word_1_129' title='bbox 1040 1906 1082 1964; x_wconf 88' lang='lat' dir='ltr'>ita</span> <span class='ocrx_word' id='word_1_130' title='bbox 1106 1906 1187 1978; x_wconf 88' lang='lat' dir='ltr'>facit,</span> 
     </span>
     <span class='ocr_line' id='line_1_17' title="bbox 201 1991 1188 2069; baseline 0.003 -23"><span class='ocrx_word' id='word_1_131' title='bbox 201 1991 376 2065; x_wconf 80' lang='lat' dir='ltr'>magnificat</span> <span class='ocrx_word' id='word_1_132' title='bbox 404 2011 435 2048; x_wconf 91' lang='lat' dir='ltr'>se</span> <span class='ocrx_word' id='word_1_133' title='bbox 464 2012 555 2067; x_wconf 89' lang='lat' dir='ltr'>supra</span> <span class='ocrx_word' id='word_1_134' title='bbox 580 1996 677 2049; x_wconf 89' lang='lat' dir='ltr'>Deum</span> <span class='ocrx_word' id='word_1_135' title='bbox 706 2012 797 2069; x_wconf 89' lang='lat' dir='ltr'>quarn</span> <span class='ocrx_word' id='word_1_136' title='bbox 828 1993 957 2064; x_wconf 82' lang='lat' dir='ltr'>Lucifer,</span> <span class='ocrx_word' id='word_1_137' title='bbox 986 2007 1015 2050; x_wconf 93' lang='lat' dir='ltr'>et</span> <span class='ocrx_word' id='word_1_138' title='bbox 1043 1993 1086 2050; x_wconf 91' lang='lat' dir='ltr'>sic</span> <span class='ocrx_word' id='word_1_139' title='bbox 1110 1994 1188 2050; x_wconf 89' lang='lat' dir='ltr'>blas-</span> 
     </span>
     <span class='ocr_line' id='line_1_18' title="bbox 199 2078 1188 2155; baseline 0.002 -21"><span class='ocrx_word' id='word_1_140' title='bbox 199 2080 323 2152; x_wconf 91' lang='lat' dir='ltr'>phemat</span> <span class='ocrx_word' id='word_1_141' title='bbox 343 2078 373 2134; x_wconf 91' lang='lat' dir='ltr'>in</span> <span class='ocrx_word' id='word_1_142' title='bbox 397 2092 493 2136; x_wconf 85' lang='lat' dir='ltr'>totam</span> <span class='ocrx_word' id='word_1_143' title='bbox 509 2079 702 2137; x_wconf 81' lang='lat' dir='ltr'>Trinitatem.</span> <span class='ocrx_word' id='word_1_144' title='bbox 726 2083 763 2136; x_wconf 89' lang='lat' dir='ltr'>Et</span> <span class='ocrx_word' id='word_1_145' title='bbox 780 2094 862 2155; x_wconf 88' lang='lat' dir='ltr'>patet</span> <span class='ocrx_word' id='word_1_146' title='bbox 884 2082 1050 2137; x_wconf 89' lang='lat' dir='ltr'>secundum</span> <span class='ocrx_word' id='word_1_147' title='bbox 1075 2094 1188 2138; x_wconf 87' lang='lat' dir='ltr'>utram-</span> 
     </span>
     <span class='ocr_line' id='line_1_19' title="bbox 200 2166 553 2239; baseline 0.008 -18"><span class='ocrx_word' id='word_1_148' title='bbox 200 2185 257 2239; x_wconf 89' lang='lat' dir='ltr'>que</span> <span class='ocrx_word' id='word_1_149' title='bbox 281 2166 360 2222; x_wconf 81' lang='lat' dir='ltr'>viam</span> <span class='ocrx_word' id='word_1_150' title='bbox 385 2166 553 2224; x_wconf 82' lang='lat' dir='ltr'>blasfemia.</span> 
     </span>
    </p>

    <p class='ocr_par' dir='ltr' id='par_1_6' title="bbox 244 2252 1188 2329">
     <span class='ocr_line' id='line_1_20' title="bbox 244 2252 1188 2329; baseline 0.001 -21"><span class='ocrx_word' id='word_1_151' title='bbox 244 2252 324 2309; x_wconf 91' lang='lat' dir='ltr'>Dicit</span> <span class='ocrx_word' id='word_1_152' title='bbox 348 2273 418 2328; x_wconf 83' lang='lat' dir='ltr'>ergo</span> <span class='ocrx_word' id='word_1_153' title='bbox 444 2254 580 2311; x_wconf 89' lang='lat' dir='ltr'>Christus</span> <span class='ocrx_word' id='word_1_154' title='bbox 605 2255 687 2329; x_wconf 90' lang='lat' dir='ltr'>quod</span> <span class='ocrx_word' id='word_1_155' title='bbox 711 2255 827 2311; x_wconf 91' lang='lat' dir='ltr'>fatuum</span> <span class='ocrx_word' id='word_1_156' title='bbox 857 2254 935 2311; x_wconf 92' lang='lat' dir='ltr'>foret</span> <span class='ocrx_word' id='word_1_157' title='bbox 959 2255 1114 2310; x_wconf 88' lang='lat' dir='ltr'>lucernam</span> <span class='ocrx_word' id='word_1_158' title='bbox 1139 2271 1188 2310; x_wconf 87' lang='lat' dir='ltr'>ac-</span> 
     </span>
    </p>

    <p class='ocr_par' dir='ltr' id='par_1_7' title="bbox 158 2340 1187 2766">
     <span class='ocr_line' id='line_1_21' title="bbox 158 2340 1186 2417; baseline 0.003 -24"><span class='ocrx_word' id='word_1_159' title='bbox 158 2342 327 2397; x_wconf 76' lang='lat' dir='ltr'>20cenuere</span> <span class='ocrx_word' id='word_1_160' title='bbox 351 2355 379 2397; x_wconf 89' lang='lat' dir='ltr'>et</span> <span class='ocrx_word' id='word_1_161' title='bbox 403 2360 464 2398; x_wconf 90' lang='lat' dir='ltr'>non</span> <span class='ocrx_word' id='word_1_162' title='bbox 488 2343 526 2398; x_wconf 91' lang='lat' dir='ltr'>ad</span> <span class='ocrx_word' id='word_1_163' title='bbox 550 2342 718 2417; x_wconf 91' lang='lat' dir='ltr'>profectum</span> <span class='ocrx_word' id='word_1_164' title='bbox 745 2341 871 2398; x_wconf 87' lang='lat' dir='ltr'>ecclesie</span> <span class='ocrx_word' id='word_1_165' title='bbox 895 2340 978 2398; x_wconf 89' lang='lat' dir='ltr'>illam</span> <span class='ocrx_word' id='word_1_166' title='bbox 1003 2358 1117 2416; x_wconf 92' lang='lat' dir='ltr'>ponere</span> <span class='ocrx_word' id='word_1_167' title='bbox 1140 2340 1186 2397; x_wconf 87' lang='lat' dir='ltr'>vel</span> 
     </span>
     <span class='ocr_line' id='line_1_22' title="bbox 200 2427 1187 2486; baseline 0.002 -4"><span class='ocrx_word' id='word_1_168' title='bbox 200 2429 254 2482; x_wconf 90' lang='lat' dir='ltr'>sub</span> <span class='ocrx_word' id='word_1_169' title='bbox 285 2427 387 2484; x_wconf 89' lang='lat' dir='ltr'>modio</span> <span class='ocrx_word' id='word_1_170' title='bbox 421 2430 585 2486; x_wconf 85' lang='lat' dir='ltr'>occultare.</span> <span class='ocrx_word' id='word_1_171' title='bbox 621 2431 680 2486; x_wconf 88' lang='lat' dir='ltr'>Sed</span> <span class='ocrx_word' id='word_1_172' title='bbox 709 2428 786 2486; x_wconf 90' lang='lat' dir='ltr'>sicut</span> <span class='ocrx_word' id='word_1_173' title='bbox 818 2429 1035 2486; x_wconf 89' lang='lat' dir='ltr'>candelabrum</span> <span class='ocrx_word' id='word_1_174' title='bbox 1070 2441 1114 2485; x_wconf 90' lang='lat' dir='ltr'>est</span> <span class='ocrx_word' id='word_1_175' title='bbox 1143 2427 1187 2484; x_wconf 92' lang='lat' dir='ltr'>in-</span> 
     </span>
     <span class='ocr_line' id='line_1_23' title="bbox 200 2516 1187 2591; baseline 0.001 -21"><span class='ocrx_word' id='word_1_176' title='bbox 200 2528 401 2572; x_wconf 88' lang='lat' dir='ltr'>strumentum</span> <span class='ocrx_word' id='word_1_177' title='bbox 425 2517 549 2573; x_wconf 88' lang='lat' dir='ltr'>candele</span> <span class='ocrx_word' id='word_1_178' title='bbox 571 2516 773 2591; x_wconf 88' lang='lat' dir='ltr'>suppositum,</span> <span class='ocrx_word' id='word_1_179' title='bbox 795 2530 827 2573; x_wconf 89' lang='lat' dir='ltr'>ut</span> <span class='ocrx_word' id='word_1_180' title='bbox 848 2516 1005 2591; x_wconf 88' lang='lat' dir='ltr'>patencius</span> <span class='ocrx_word' id='word_1_181' title='bbox 1027 2517 1187 2586; x_wconf 87' lang='lat' dir='ltr'>elucescat,</span> 
     </span>
     <span class='ocr_line' id='line_1_24' title="bbox 199 2601 1186 2679; baseline 0.001 -22"><span class='ocrx_word' id='word_1_182' title='bbox 199 2601 241 2657; x_wconf 87' lang='lat' dir='ltr'>sic</span> <span class='ocrx_word' id='word_1_183' title='bbox 266 2615 362 2659; x_wconf 90' lang='lat' dir='ltr'>status</span> <span class='ocrx_word' id='word_1_184' title='bbox 387 2603 417 2659; x_wconf 93' lang='lat' dir='ltr'>in</span> <span class='ocrx_word' id='word_1_185' title='bbox 446 2623 506 2678; x_wconf 90' lang='lat' dir='ltr'>quo</span> <span class='ocrx_word' id='word_1_186' title='bbox 534 2603 601 2679; x_wconf 90' lang='lat' dir='ltr'>quis</span> <span class='ocrx_word' id='word_1_187' title='bbox 630 2604 753 2679; x_wconf 89' lang='lat' dir='ltr'>ponitur</span> <span class='ocrx_word' id='word_1_188' title='bbox 781 2605 827 2660; x_wconf 90' lang='lat' dir='ltr'>vel</span> <span class='ocrx_word' id='word_1_189' title='bbox 857 2605 971 2660; x_wconf 89' lang='lat' dir='ltr'>donum</span> <span class='ocrx_word' id='word_1_190' title='bbox 997 2602 1050 2659; x_wconf 85' lang='lat' dir='ltr'>Dei</span> <span class='ocrx_word' id='word_1_191' title='bbox 1081 2603 1186 2659; x_wconf 88' lang='lat' dir='ltr'>datum</span> 
     </span>
     <span class='ocr_line' id='line_1_25' title="bbox 198 2689 1186 2766; baseline 0 -21"><span class='ocrx_word' id='word_1_192' title='bbox 198 2691 401 2765; x_wconf 90' lang='lat' dir='ltr'>quodcunque</span> <span class='ocrx_word' id='word_1_193' title='bbox 426 2689 540 2747; x_wconf 89' lang='lat' dir='ltr'>homini</span> <span class='ocrx_word' id='word_1_194' title='bbox 565 2693 603 2748; x_wconf 91' lang='lat' dir='ltr'>ad</span> <span class='ocrx_word' id='word_1_195' title='bbox 627 2692 865 2766; x_wconf 88' lang='lat' dir='ltr'>prodessendum</span> <span class='ocrx_word' id='word_1_196' title='bbox 897 2689 1024 2748; x_wconf 88' lang='lat' dir='ltr'>ecclesie</span> <span class='ocrx_word' id='word_1_197' title='bbox 1048 2702 1092 2746; x_wconf 90' lang='lat' dir='ltr'>est</span> <span class='ocrx_word' id='word_1_198' title='bbox 1116 2708 1186 2746; x_wconf 86' lang='lat' dir='ltr'>can-</span> 
     </span>
    </p>

    <p class='ocr_par' dir='ltr' id='par_1_8' title="bbox 155 2775 1186 3202">
     <span class='ocr_line' id='line_1_26' title="bbox 155 2775 1185 2853; baseline 0.001 -22"><span class='ocrx_word' id='word_1_199' title='bbox 155 2781 185 2831; x_wconf 80' lang='grc'>25</span> <span class='ocrx_word' id='word_1_200' title='bbox 198 2778 354 2833; x_wconf 89' lang='lat' dir='ltr'>delabrum</span> <span class='ocrx_word' id='word_1_201' title='bbox 371 2777 403 2834; x_wconf 91' lang='lat' dir='ltr'>in</span> <span class='ocrx_word' id='word_1_202' title='bbox 418 2797 479 2853; x_wconf 93' lang='lat' dir='ltr'>quo</span> <span class='ocrx_word' id='word_1_203' title='bbox 495 2777 711 2836; x_wconf 87' lang='lat' dir='ltr'>illuminatusa</span> <span class='ocrx_word' id='word_1_204' title='bbox 728 2777 849 2835; x_wconf 91' lang='lat' dir='ltr'>Christo</span> <span class='ocrx_word' id='word_1_205' title='bbox 866 2779 903 2834; x_wconf 89' lang='lat' dir='ltr'>ad</span> <span class='ocrx_word' id='word_1_206' title='bbox 916 2775 1185 2834; x_wconf 87' lang='lat' dir='ltr'>fructificacionem</span> 
     </span>
     <span class='ocr_line' id='line_1_27' title="bbox 198 2862 1184 2941; baseline -0.002 -21"><span class='ocrx_word' id='word_1_207' title='bbox 198 2864 323 2921; x_wconf 87' lang='lat' dir='ltr'>ecclesie</span> <span class='ocrx_word' id='word_1_208' title='bbox 347 2867 435 2921; x_wconf 92' lang='lat' dir='ltr'>debet</span> <span class='ocrx_word' id='word_1_209' title='bbox 459 2864 541 2940; x_wconf 89' lang='lat' dir='ltr'>poni.</span> <span class='ocrx_word' id='word_1_210' title='bbox 567 2866 654 2922; x_wconf 89' lang='lat' dir='ltr'>Unde</span> <span class='ocrx_word' id='word_1_211' title='bbox 678 2880 795 2941; x_wconf 88' lang='lat' dir='ltr'>septem</span> <span class='ocrx_word' id='word_1_212' title='bbox 821 2867 901 2922; x_wconf 86' lang='lat' dir='ltr'>dona</span> <span class='ocrx_word' id='word_1_213' title='bbox 925 2862 1056 2939; x_wconf 90' lang='lat' dir='ltr'>Spiritus</span> <span class='ocrx_word' id='word_1_214' title='bbox 1081 2863 1184 2921; x_wconf 87' lang='lat' dir='ltr'>Sancti</span> 
     </span>
     <span class='ocr_line' id='line_1_28' title="bbox 198 2949 1185 3027; baseline 0 -21"><span class='ocrx_word' id='word_1_215' title='bbox 198 2965 344 3009; x_wconf 82' lang='lat' dir='ltr'>vocantur</span> <span class='ocrx_word' id='word_1_216' title='bbox 368 2965 484 3027; x_wconf 90' lang='lat' dir='ltr'>septem</span> <span class='ocrx_word' id='word_1_217' title='bbox 502 2953 684 3009; x_wconf 86' lang='lat' dir='ltr'>candelabra</span> <span class='ocrx_word' id='word_1_218' title='bbox 708 2971 800 3010; x_wconf 88' lang='lat' dir='ltr'>aurea</span> <span class='ocrx_word' id='word_1_219' title='bbox 818 2954 855 3009; x_wconf 88' lang='lat' dir='ltr'>ad</span> <span class='ocrx_word' id='word_1_220' title='bbox 874 2970 995 3008; x_wconf 91' lang='lat' dir='ltr'>sensum</span> <span class='ocrx_word' id='word_1_221' title='bbox 1021 2949 1185 3008; x_wconf 89' lang='lat' dir='ltr'>misticum.</span> 
     </span>
     <span class='ocr_line' id='line_1_29' title="bbox 198 3037 1186 3114; baseline 0.001 -21"><span class='ocrx_word' id='word_1_222' title='bbox 198 3041 233 3094; x_wconf 88' lang='lat' dir='ltr'>Et</span> <span class='ocrx_word' id='word_1_223' title='bbox 263 3053 345 3113; x_wconf 89' lang='lat' dir='ltr'>patet</span> <span class='ocrx_word' id='word_1_224' title='bbox 374 3039 454 3096; x_wconf 90' lang='lat' dir='ltr'>iuxta</span> <span class='ocrx_word' id='word_1_225' title='bbox 483 3039 616 3114; x_wconf 89' lang='lat' dir='ltr'>priorem</span> <span class='ocrx_word' id='word_1_226' title='bbox 649 3038 835 3096; x_wconf 90' lang='lat' dir='ltr'>sentenciam</span> <span class='ocrx_word' id='word_1_227' title='bbox 864 3040 1020 3114; x_wconf 90' lang='lat' dir='ltr'>quomodo</span> <span class='ocrx_word' id='word_1_228' title='bbox 1050 3037 1186 3113; x_wconf 91' lang='lat' dir='ltr'>episcopi</span> 
     </span>
     <span class='ocr_line' id='line_1_30' title="bbox 197 3124 1186 3202; baseline 0.002 -21"><span class='ocrx_word' id='word_1_229' title='bbox 197 3140 266 3181; x_wconf 90' lang='lat' dir='ltr'>sunt</span> <span class='ocrx_word' id='word_1_230' title='bbox 290 3128 427 3199; x_wconf 84' lang='lat' dir='ltr'>ydolatre</span> <span class='ocrx_word' id='word_1_231' title='bbox 452 3141 480 3183; x_wconf 95' lang='lat' dir='ltr'>et</span> <span class='ocrx_word' id='word_1_232' title='bbox 497 3126 666 3202; x_wconf 88' lang='lat' dir='ltr'>blasphemi</span> <span class='ocrx_word' id='word_1_233' title='bbox 683 3127 733 3202; x_wconf 93' lang='lat' dir='ltr'>qui</span> <span class='ocrx_word' id='word_1_234' title='bbox 758 3139 862 3201; x_wconf 79' lang='lat' dir='ltr'>tegunt</span> <span class='ocrx_word' id='word_1_235' title='bbox 885 3139 976 3202; x_wconf 90' lang='lat' dir='ltr'>caput</span> <span class='ocrx_word' id='word_1_236' title='bbox 1000 3144 1068 3182; x_wconf 89' lang='lat' dir='ltr'>cum</span> <span class='ocrx_word' id='word_1_237' title='bbox 1088 3124 1186 3183; x_wconf 89' lang='lat' dir='ltr'>mitris</span> 
     </span>
    </p>

    <p class='ocr_par' dir='ltr' id='par_1_9' title="bbox 155 3211 1185 3638">
     <span class='ocr_line' id='line_1_31' title="bbox 155 3211 1185 3289; baseline -0.001 -20"><span class='ocrx_word' id='word_1_238' title='bbox 155 3220 186 3269; x_wconf 84' lang='lat'>30</span> <span class='ocrx_word' id='word_1_239' title='bbox 197 3212 362 3286; x_wconf 87' lang='lat' dir='ltr'>splendidis</span> <span class='ocrx_word' id='word_1_240' title='bbox 396 3228 424 3271; x_wconf 94' lang='lat' dir='ltr'>et</span> <span class='ocrx_word' id='word_1_241' title='bbox 457 3213 642 3288; x_wconf 88' lang='lat' dir='ltr'>sumptuosis</span> <span class='ocrx_word' id='word_1_242' title='bbox 671 3216 723 3271; x_wconf 92' lang='lat' dir='ltr'>sed</span> <span class='ocrx_word' id='word_1_243' title='bbox 752 3215 850 3271; x_wconf 91' lang='lat' dir='ltr'>lucem</span> <span class='ocrx_word' id='word_1_244' title='bbox 875 3213 1041 3289; x_wconf 86' lang='lat' dir='ltr'>spiritualis</span> <span class='ocrx_word' id='word_1_245' title='bbox 1073 3211 1185 3269; x_wconf 88' lang='lat' dir='ltr'>noticie</span> 
     </span>
     <span class='ocr_line' id='line_1_32' title="bbox 197 3299 1183 3375; baseline 0.002 -20"><span class='ocrx_word' id='word_1_246' title='bbox 197 3320 252 3374; x_wconf 90' lang='lat' dir='ltr'>pro</span> <span class='ocrx_word' id='word_1_247' title='bbox 276 3320 336 3375; x_wconf 88' lang='lat' dir='ltr'>qua</span> <span class='ocrx_word' id='word_1_248' title='bbox 360 3300 552 3358; x_wconf 87' lang='lat' dir='ltr'>edificaretur</span> <span class='ocrx_word' id='word_1_249' title='bbox 569 3301 695 3358; x_wconf 91' lang='lat' dir='ltr'>ecclesia</span> <span class='ocrx_word' id='word_1_250' title='bbox 714 3319 769 3358; x_wconf 93' lang='lat' dir='ltr'>nec</span> <span class='ocrx_word' id='word_1_251' title='bbox 786 3300 921 3358; x_wconf 90' lang='lat' dir='ltr'>indicant</span> <span class='ocrx_word' id='word_1_252' title='bbox 938 3319 993 3357; x_wconf 89' lang='lat' dir='ltr'>nec</span> <span class='ocrx_word' id='word_1_253' title='bbox 1017 3299 1183 3375; x_wconf 89' lang='lat' dir='ltr'>requirunt.</span> 
     </span>
     <span class='ocr_line' id='line_1_33' title="bbox 197 3387 1184 3464; baseline 0.001 -22"><span class='ocrx_word' id='word_1_254' title='bbox 197 3387 255 3460; x_wconf 92' lang='lat' dir='ltr'>lpsi</span> <span class='ocrx_word' id='word_1_255' title='bbox 279 3388 359 3444; x_wconf 89' lang='lat' dir='ltr'>enim</span> <span class='ocrx_word' id='word_1_256' title='bbox 384 3402 501 3464; x_wconf 88' lang='lat' dir='ltr'>ponunt</span> <span class='ocrx_word' id='word_1_257' title='bbox 525 3390 680 3446; x_wconf 88' lang='lat' dir='ltr'>lucernam</span> <span class='ocrx_word' id='word_1_258' title='bbox 700 3391 737 3446; x_wconf 88' lang='lat' dir='ltr'>ad</span> <span class='ocrx_word' id='word_1_259' title='bbox 756 3388 917 3445; x_wconf 88' lang='lat' dir='ltr'>minimum</span> <span class='ocrx_word' id='word_1_260' title='bbox 941 3388 1110 3445; x_wconf 85' lang='lat' dir='ltr'>naturalem</span> <span class='ocrx_word' id='word_1_261' title='bbox 1129 3389 1184 3444; x_wconf 92' lang='lat' dir='ltr'>sub</span> 
     </span>
     <span class='ocr_line' id='line_1_34' title="bbox 197 3473 1185 3551; baseline 0.001 -21"><span class='ocrx_word' id='word_1_262' title='bbox 197 3475 309 3546; x_wconf 88' lang='lat' dir='ltr'>modio,</span> <span class='ocrx_word' id='word_1_263' title='bbox 328 3477 385 3533; x_wconf 91' lang='lat' dir='ltr'>hoc</span> <span class='ocrx_word' id='word_1_264' title='bbox 403 3490 456 3547; x_wconf 91' lang='lat' dir='ltr'>est,</span> <span class='ocrx_word' id='word_1_265' title='bbox 468 3475 596 3534; x_wconf 89' lang='lat' dir='ltr'>terrenis</span> <span class='ocrx_word' id='word_1_266' title='bbox 614 3489 642 3532; x_wconf 94' lang='lat' dir='ltr'>et</span> <span class='ocrx_word' id='word_1_267' title='bbox 659 3476 879 3551; x_wconf 88' lang='lat' dir='ltr'>temporalibus</span> <span class='ocrx_word' id='word_1_268' title='bbox 896 3478 1010 3534; x_wconf 90' lang='lat' dir='ltr'>donum</span> <span class='ocrx_word' id='word_1_269' title='bbox 1028 3473 1185 3550; x_wconf 88' lang='lat' dir='ltr'>spirituale</span> 
     </span>
     <span class='ocr_line' id='line_1_35' title="bbox 196 3561 1183 3638; baseline -0.001 -20"><span class='ocrx_word' id='word_1_270' title='bbox 196 3565 277 3636; x_wconf 94' lang='lat' dir='ltr'>quod</span> <span class='ocrx_word' id='word_1_271' title='bbox 295 3567 374 3620; x_wconf 88' lang='lat' dir='ltr'>Deus</span> <span class='ocrx_word' id='word_1_272' title='bbox 399 3564 441 3621; x_wconf 88' lang='lat' dir='ltr'>eis</span> <span class='ocrx_word' id='word_1_273' title='bbox 465 3563 581 3621; x_wconf 91' lang='lat' dir='ltr'>dederit</span> <span class='ocrx_word' id='word_1_274' title='bbox 599 3577 777 3638; x_wconf 88' lang='lat' dir='ltr'>occupatur.</span> <span class='ocrx_word' id='word_1_275' title='bbox 802 3567 838 3620; x_wconf 87' lang='lat' dir='ltr'>Et</span> <span class='ocrx_word' id='word_1_276' title='bbox 855 3563 899 3620; x_wconf 90' lang='lat' dir='ltr'>sic</span> <span class='ocrx_word' id='word_1_277' title='bbox 923 3561 1053 3619; x_wconf 87' lang='lat' dir='ltr'>lucidius</span> <span class='ocrx_word' id='word_1_278' title='bbox 1070 3564 1183 3618; x_wconf 91' lang='lat' dir='ltr'>donum</span> 
     </span>
    </p>

    <p class='ocr_par' dir='ltr' id='par_1_10' title="bbox 153 3648 1405 4058">
     <span class='ocr_line' id='line_1_36' title="bbox 153 3648 1402 3729; baseline -0.002 -25"><span class='ocrx_word' id='word_1_279' title='bbox 153 3650 250 3706; x_wconf 80' lang='lat' dir='ltr'>35Dei</span> <span class='ocrx_word' id='word_1_280' title='bbox 275 3651 385 3708; x_wconf 90' lang='lat' dir='ltr'>talibus</span> <span class='ocrx_word' id='word_1_281' title='bbox 408 3651 586 3708; x_wconf 88' lang='lat' dir='ltr'>velamentis</span> <span class='ocrx_word' id='word_1_282' title='bbox 610 3650 731 3725; x_wconf 84' lang='lat' dir='ltr'>tegitur,</span> <span class='ocrx_word' id='word_1_283' title='bbox 756 3669 795 3707; x_wconf 89' lang='lat' dir='ltr'>ne</span> <span class='ocrx_word' id='word_1_284' title='bbox 818 3652 985 3708; x_wconf 89' lang='lat' dir='ltr'>secundum</span> <span class='ocrx_word' id='word_1_285' title='bbox 1012 3648 1183 3707; x_wconf 89' lang='lat' dir='ltr'>ordinacio·</span> <span class='ocrx_word' id='word_1_286' title='bbox 1204 3658 1304 3729; x_wconf 69' lang='lat' dir='ltr'>eruturus</span> <span class='ocrx_word' id='word_1_287' title='bbox 1319 3657 1402 3702; x_wconf 78' lang='lat' dir='ltr'>should</span> 
     </span>
     <span class='ocr_line' id='line_1_37' title="bbox 195 3711 1405 3818; baseline 0.001 -26"><span class='ocrx_word' id='word_1_288' title='bbox 195 3755 263 3793; x_wconf 89' lang='lat' dir='ltr'>nem</span> <span class='ocrx_word' id='word_1_289' title='bbox 289 3738 343 3795; x_wconf 87' lang='lat' dir='ltr'>Dei</span> <span class='ocrx_word' id='word_1_290' title='bbox 368 3737 464 3813; x_wconf 89' lang='lat' dir='ltr'>prosit</span> <span class='ocrx_word' id='word_1_291' title='bbox 488 3738 622 3795; x_wconf 89' lang='lat' dir='ltr'>ecclesie.</span> <span class='ocrx_word' id='word_1_292' title='bbox 654 3738 764 3795; x_wconf 84' lang='lat' dir='ltr'>Prelati</span> <span class='ocrx_word' id='word_1_293' title='bbox 789 3756 859 3812; x_wconf 82' lang='lat' dir='ltr'>ergo</span> <span class='ocrx_word' id='word_1_294' title='bbox 884 3752 913 3795; x_wconf 94' lang='lat' dir='ltr'>et</span> <span class='ocrx_word' id='word_1_295' title='bbox 937 3736 1110 3813; x_wconf 91' lang='lat' dir='ltr'>quicunque</span> <span class='ocrx_word' id='word_1_296' title='bbox 1133 3735 1184 3811; x_wconf 92' lang='lat' dir='ltr'>qui</span> <span class='ocrx_word' id='word_1_297' title='bbox 1206 3711 1272 3818; x_wconf 78' lang='lat' dir='ltr'>iiglii</span> <span class='ocrx_word' id='word_1_298' title='bbox 1282 3711 1405 3806; x_wconf 43' lang='grc' dir='ltr'>ὲῗῖἓᾏᾶἷζθ</span> 
     </span>
     <span class='ocr_line' id='line_1_38' title="bbox 195 3815 1326 3901; baseline 0.001 -23"><span class='ocrx_word' id='word_1_299' title='bbox 195 3823 225 3879; x_wconf 95' lang='lat' dir='ltr'>in</span> <span class='ocrx_word' id='word_1_300' title='bbox 264 3825 390 3890; x_wconf 86' lang='lat' dir='ltr'>ecclesia</span> <span class='ocrx_word' id='word_1_301' title='bbox 423 3825 577 3901; x_wconf 90' lang='lat' dir='ltr'>accipiunt</span> <span class='ocrx_word' id='word_1_302' title='bbox 612 3824 767 3900; x_wconf 87' lang='lat' dir='ltr'>copiosius</span> <span class='ocrx_word' id='word_1_303' title='bbox 800 3824 971 3901; x_wconf 87' lang='lat' dir='ltr'>spiritualia</span> <span class='ocrx_word' id='word_1_304' title='bbox 1004 3827 1084 3882; x_wconf 87' lang='lat' dir='ltr'>bona</span> <span class='ocrx_word' id='word_1_305' title='bbox 1118 3822 1183 3894; x_wconf 86' lang='lat' dir='ltr'>Dei,</span> <span class='ocrx_word' id='word_1_306' title='bbox 1274 3815 1326 3858; x_wconf 79' lang='lat' dir='ltr'>law.</span> 
     </span>
     <span class='ocr_line' id='line_1_39' title="bbox 194 3909 1184 3988; baseline 0.001 -23"><span class='ocrx_word' id='word_1_307' title='bbox 194 3909 263 3968; x_wconf 93' lang='lat' dir='ltr'>ideo</span> <span class='ocrx_word' id='word_1_308' title='bbox 292 3913 334 3969; x_wconf 91' lang='lat' dir='ltr'>sic</span> <span class='ocrx_word' id='word_1_309' title='bbox 367 3912 530 3987; x_wconf 89' lang='lat' dir='ltr'>accipiunt,</span> <span class='ocrx_word' id='word_1_310' title='bbox 560 3926 592 3969; x_wconf 92' lang='lat' dir='ltr'>ut</span> <span class='ocrx_word' id='word_1_311' title='bbox 619 3913 687 3987; x_wconf 91' lang='lat' dir='ltr'>plus</span> <span class='ocrx_word' id='word_1_312' title='bbox 716 3912 865 3970; x_wconf 88' lang='lat' dir='ltr'>tenebrati</span> <span class='ocrx_word' id='word_1_313' title='bbox 894 3911 946 3988; x_wconf 91' lang='lat' dir='ltr'>qui</span> <span class='ocrx_word' id='word_1_314' title='bbox 974 3910 1184 3984; x_wconf 83' lang='lat' dir='ltr'>ingrediuntur</span> 
     </span>
     <span class='ocr_line' id='line_1_40' title="bbox 195 3998 1184 4058; baseline 0 -4"><span class='ocrx_word' id='word_1_315' title='bbox 195 3999 354 4056; x_wconf 89' lang='lat' dir='ltr'>ecclesiam</span> <span class='ocrx_word' id='word_1_316' title='bbox 383 4000 504 4058; x_wconf 87' lang='lat' dir='ltr'>videant</span> <span class='ocrx_word' id='word_1_317' title='bbox 532 3999 563 4056; x_wconf 92' lang='lat' dir='ltr'>in</span> <span class='ocrx_word' id='word_1_318' title='bbox 591 3998 826 4057; x_wconf 88' lang='lat' dir='ltr'>conversacione</span> <span class='ocrx_word' id='word_1_319' title='bbox 855 4012 883 4056; x_wconf 91' lang='lat' dir='ltr'>et</span> <span class='ocrx_word' id='word_1_320' title='bbox 911 3998 1050 4056; x_wconf 91' lang='lat' dir='ltr'>doctrina</span> <span class='ocrx_word' id='word_1_321' title='bbox 1079 4016 1184 4055; x_wconf 88' lang='lat' dir='ltr'>eorum</span> 
     </span>
    </p>
   </div>
   <div class='ocr_carea' id='block_1_3' title="bbox 149 4083 1185 4160">
    <p class='ocr_par' dir='ltr' id='par_1_11' title="bbox 149 4083 1185 4160">
     <span class='ocr_line' id='line_1_41' title="bbox 149 4083 1185 4160; baseline 0.002 -22"><span class='ocrx_word' id='word_1_322' title='bbox 149 4104 184 4152; x_wconf 80' lang='lat'>40</span> <span class='ocrx_word' id='word_1_323' title='bbox 195 4085 309 4143; x_wconf 90' lang='lat' dir='ltr'>lumina</span> <span class='ocrx_word' id='word_1_324' title='bbox 326 4087 398 4160; x_wconf 83' lang='lat' dir='ltr'>legis</span> <span class='ocrx_word' id='word_1_325' title='bbox 415 4086 479 4143; x_wconf 87' lang='lat' dir='ltr'>Dei.</span> <span class='ocrx_word' id='word_1_326' title='bbox 504 4091 582 4144; x_wconf 89' lang='lat' dir='ltr'>Nam</span> <span class='ocrx_word' id='word_1_327' title='bbox 600 4090 686 4144; x_wconf 89' lang='lat' dir='ltr'>Prov.</span> <span class='ocrx_word' id='word_1_328' title='bbox 703 4088 770 4157; x_wconf 86' lang='lat' dir='ltr'>V10,</span> <span class='ocrx_word' id='word_1_329' title='bbox 789 4086 825 4142; x_wconf 84' lang='lat'>23</span> <span class='ocrx_word' id='word_1_330' title='bbox 846 4083 987 4143; x_wconf 89' lang='lat' dir='ltr'>scribitur</span> <span class='ocrx_word' id='word_1_331' title='bbox 1005 4086 1185 4158; x_wconf 83' lang='lat' dir='ltr'>mandatum,</span> 
     </span>
    </p>
   </div>
   <div class='ocr_carea' id='block_1_4' title="bbox 195 4319 1189 4536">
    <p class='ocr_par' dir='ltr' id='par_1_12' title="bbox 195 4319 1189 4536">
     <span class='ocr_line' id='line_1_42' title="bbox 248 4319 1189 4418; baseline -0.003 -52"><span class='ocrx_word' id='word_1_332' title='bbox 248 4322 304 4383; x_wconf 63' lang='lat' dir='ltr'>(LE</span> <span class='ocrx_word' id='word_1_333' title='bbox 316 4322 339 4365; x_wconf 85' lang='lat' dir='ltr'>in</span> <span class='ocrx_word' id='word_1_334' title='bbox 355 4322 562 4418; x_wconf 57' lang='lat' dir='ltr'>marg.:qp1ssim.</span> <span class='ocrx_word' id='word_1_335' title='bbox 616 4335 636 4378; x_wconf 88' lang='lat'>7.</span> <span class='ocrx_word' id='word_1_336' title='bbox 651 4321 813 4384; x_wconf 66' lang='lat' dir='ltr'>Afprecipue</span> <span class='ocrx_word' id='word_1_337' title='bbox 827 4321 900 4383; x_wconf 82' lang='lat' dir='ltr'>deest.</span> <span class='ocrx_word' id='word_1_338' title='bbox 954 4320 976 4377; x_wconf 88' lang='lat'>8,</span> <span class='ocrx_word' id='word_1_339' title='bbox 1010 4319 1189 4382; x_wconf 44' lang='lat' dir='ltr'>‚Dqutquo-</span> 
     </span>
     <span class='ocr_line' id='line_1_43' title="bbox 195 4373 1188 4431; baseline -0.002 -13"><span class='ocrx_word' id='word_1_340' title='bbox 195 4376 330 4418; x_wconf 87' lang='lat' dir='ltr'>modolrbet.</span> <span class='ocrx_word' id='word_1_341' title='bbox 412 4387 441 4419; x_wconf 87' lang='grc' dir='ltr'>ι2.</span> <span class='ocrx_word' id='word_1_342' title='bbox 487 4375 727 4431; x_wconf 81' lang='lat' dir='ltr'>:atquelaudabths-</span> <span class='ocrx_word' id='word_1_343' title='bbox 748 4374 855 4418; x_wconf 85' lang='lat' dir='ltr'>rb.E1n</span> <span class='ocrx_word' id='word_1_344' title='bbox 872 4386 960 4430; x_wconf 82' lang='lat' dir='ltr'>marg.:</span> <span class='ocrx_word' id='word_1_345' title='bbox 998 4386 1056 4427; x_wconf 74' lang='lat' dir='ltr'>esee,</span> <span class='ocrx_word' id='word_1_346' title='bbox 1073 4373 1188 4429; x_wconf 76' lang='lat' dir='ltr'>pigetvel</span> 
     </span>
     <span class='ocr_line' id='line_1_44' title="bbox 195 4407 1188 4523; baseline -0.003 -53"><span class='ocrx_word' id='word_1_347' title='bbox 195 4429 317 4470; x_wconf 86' lang='lat' dir='ltr'>remissus.</span> <span class='ocrx_word' id='word_1_348' title='bbox 368 4439 401 4470; x_wconf 87' lang='lat'>22.</span> <span class='ocrx_word' id='word_1_349' title='bbox 417 4428 469 4471; x_wconf 72' lang='lat' dir='ltr'>bu:</span> <span class='ocrx_word' id='word_1_350' title='bbox 486 4427 649 4523; x_wconf 66' lang='lat' dir='ltr'>superposbm</span> <span class='ocrx_word' id='word_1_351' title='bbox 665 4428 696 4471; x_wconf 89' lang='lat' dir='ltr'>ib.</span> <span class='ocrx_word' id='word_1_352' title='bbox 711 4407 730 4470; x_wconf 64' lang='lat' dir='ltr'>a}</span> <span class='ocrx_word' id='word_1_353' title='bbox 744 4427 768 4470; x_wconf 89' lang='lat' dir='ltr'>in</span> <span class='ocrx_word' id='word_1_354' title='bbox 784 4439 874 4481; x_wconf 57' lang='lat' dir='ltr'>merga</span> <span class='ocrx_word' id='word_1_355' title='bbox 890 4426 1064 4472; x_wconf 81' lang='lat' dir='ltr'>Candelabrum</span> <span class='ocrx_word' id='word_1_356' title='bbox 1077 4424 1135 4487; x_wconf 78' lang='lat' dir='ltr'>quid</span> <span class='ocrx_word' id='word_1_357' title='bbox 1151 4425 1188 4468; x_wconf 85' lang='lat' dir='ltr'>sit.</span> 
     </span>
     <span class='ocr_line' id='line_1_45' title="bbox 195 4477 1188 4536; baseline -0.003 -14"><span class='ocrx_word' id='word_1_358' title='bbox 195 4492 228 4534; x_wconf 88' lang='lat'>27.</span> <span class='ocrx_word' id='word_1_359' title='bbox 245 4479 297 4523; x_wconf 82' lang='lat' dir='ltr'>DE:</span> <span class='ocrx_word' id='word_1_360' title='bbox 314 4486 402 4536; x_wconf 85' lang='lat' dir='ltr'>septem</span> <span class='ocrx_word' id='word_1_361' title='bbox 418 4480 489 4524; x_wconf 88' lang='lat' dir='ltr'>deest.</span> <span class='ocrx_word' id='word_1_362' title='bbox 544 4492 556 4523; x_wconf 87' lang='lat'>2</span> <span class='ocrx_word' id='word_1_363' title='bbox 574 4513 580 4523; x_wconf 89' lang='lat'>.</span> <span class='ocrx_word' id='word_1_364' title='bbox 595 4479 614 4523; x_wconf 84' lang='lat' dir='ltr'>E</span> <span class='ocrx_word' id='word_1_365' title='bbox 629 4493 652 4523; x_wconf 87' lang='lat' dir='ltr'>rn</span> <span class='ocrx_word' id='word_1_366' title='bbox 668 4492 754 4536; x_wconf 84' lang='lat' dir='ltr'>marg.:</span> <span class='ocrx_word' id='word_1_367' title='bbox 771 4479 842 4523; x_wconf 88' lang='lat' dir='ltr'>Nota.</span> <span class='ocrx_word' id='word_1_368' title='bbox 901 4477 932 4523; x_wconf 79' lang='lat'>31.</span> <span class='ocrx_word' id='word_1_369' title='bbox 946 4478 999 4522; x_wconf 80' lang='lat' dir='ltr'>DE:</span> <span class='ocrx_word' id='word_1_370' title='bbox 1015 4491 1062 4521; x_wconf 91' lang='lat' dir='ltr'>non</span> <span class='ocrx_word' id='word_1_371' title='bbox 1076 4478 1188 4521; x_wconf 77' lang='lat' dir='ltr'>indicant.</span> 
     </span>
    </p>
   </div>
   <div class='ocr_carea' id='block_1_5' title="bbox 1046 4548 1077 4600">
    <p class='ocr_par' dir='ltr' id='par_1_13' title="bbox 1046 4548 1077 4600">
     <span class='ocr_line' id='line_1_46' title="bbox 1046 4548 1077 4600; baseline -0.032 0"><span class='ocrx_word' id='word_1_372' title='bbox 1046 4548 1077 4600; x_wconf 82' lang='grc'>26</span> 
     </span>
    </p>
   </div>
   <div class='ocr_carea' id='block_1_6' title="bbox 0 0 1588 5212">
    <p class='ocr_par' dir='ltr' id='par_1_14' title="bbox 0 0 1588 5212">
     <span class='ocr_line' id='line_1_47' title="bbox 0 0 1588 5212; baseline 0 3"><span class='ocrx_word' id='word_1_373' title='bbox 0 0 1588 5212; x_wconf 95' lang='lat' dir='ltr'> </span> 
     </span>
    </p>
   </div>
  </div>
 </body>
</html>
