3166 5212
203 442 306 487 sunno
321 425 391 516 rra]
558 449 717 499 sacuuntt
737 448 832 499 raus,

204 606 508 683 contemplativorum
543 607 635 683 aliqui
668 622 859 665 assumentur
897 610 934 665 ad
969 608 1186 666 beatitudinem

203 695 298 752 etalii
316 694 537 771 relinquentur3
562 695 646 752 cuius
664 714 785 752 causam
803 695 826 752 si
844 695 1000 771 quesieris,
1026 698 1188 770 respondet

203 782 389 857 evangelium
414 784 482 854 hoc,
507 781 576 858 quia
594 782 740 856 assumpti
764 796 832 840 sunt
854 784 890 840 de
906 801 1034 840 numero
1058 785 1188 857 pruden-

202 869 293 940 cium,
317 869 504 926 sumencium
529 888 630 927 secum
648 870 760 940 oleum,
777 884 805 927 et
822 869 917 927 relicti
936 873 973 927 ad
991 870 1188 945 dampnacio-

178 961 271 1014 5nem
300 970 403 1014 carent
435 956 487 1014 tali
516 959 594 1028 oleo,
624 975 692 1013 cum
727 957 786 1013 sint
815 959 852 1013 de
879 976 1007 1014 numero
1035 957 1186 1032 virginum

203 1045 362 1101 fatuarum.
403 1048 464 1101 Nec
497 1046 586 1101 habet
625 1043 734 1118 aliquis
766 1045 928 1101 salvandus
968 1058 1029 1101 tam
1066 1047 1186 1102 brevem

201 1131 359 1206 periodum
400 1130 472 1206 quin
509 1145 578 1188 ante
615 1130 843 1204 separacionem
876 1131 976 1188 anime
1008 1151 1026 1188 a
1058 1150 1187 1207 corpore

203 1219 311 1275 habeat
330 1217 547 1275 sulficienciam
564 1217 702 1275 sumendi
719 1236 820 1275 secum
838 1219 949 1274 oleum.
975 1220 1088 1276 Omnes
1105 1218 1185 1275 enim

201 1306 360 1362 salvandos
392 1318 514 1379 oportet
546 1319 627 1362 recte
655 1307 777 1362 credere
805 1323 857 1380 per
887 1305 1022 1362 habitum
1054 1305 1185 1362 infusum

160 1405 229 1449 roet
261 1410 315 1467 per
347 1410 535 1467 consequens
569 1394 679 1448 babere
708 1391 865 1449 caritatem
901 1405 929 1449 et
958 1391 1032 1449 alios
1066 1392 1186 1450 habitus

201 1493 428 1554 consequentes.

244 1566 342 1623 Medic
370 1578 465 1623 autem
495 1578 576 1622 nocte
604 1567 718 1622 clamor
737 1567 841 1641 factus
869 1577 926 1622 est:
957 1567 1034 1622 Ecce
1062 1585 1186 1642 sponsus
1199 1576 1251 1621 The
1265 1577 1360 1638 coming
1374 1580 1401 1622 ot

203 1653 285 1721 uenit,
310 1653 387 1710 exite
410 1654 523 1709 obviam
540 1654 573 1710 ei.
599 1652 656 1709 Ubi
679 1672 740 1709 non
757 1651 882 1709 dubium
899 1652 972 1727 quin
997 1653 1184 1727 evangelium
1195 1630 1265 1778 theg?
1268 1630 1401 1726 ῗξξῆἱξξω

200 1739 338 1815 intelligit
377 1759 432 1815 per
464 1743 625 1798 adventum
661 1739 765 1814 sponsi
801 1741 962 1796 adventum
996 1739 1107 1797 Christi
1146 1742 1184 1797 ad
1241 1735 1369 1790 augment).

160 1827 289 1885 15finale
321 1827 478 1884 iudicium.
518 1829 592 1884 Illud
627 1840 728 1884 autem
762 1840 881 1901 tempus
914 1826 1024 1884 dicitur
1059 1827 1184 1883 medium

199 1916 296 1971 nortia.
331 1918 395 1972 Nox
428 1914 537 1972 dicitur
569 1928 694 1990 propter
721 1913 881 1971 latericiam
912 1927 941 1970 et
968 1914 1183 1971 obscuritatem

198 2001 309 2059 noticie
342 2003 488 2059 adventus
517 2001 628 2059 Christi
664 2003 701 2058 ad
735 2002 808 2058 illud
841 2000 986 2058 iudicium
1021 1998 1067 2080 (ut
1095 2003 1184 2058 docet

198 2087 335 2147 Christus
359 2089 484 2146 Matthei
510 2085 643 2168 XXlV0).
668 2088 786 2146 Dicitur
809 2100 909 2145 autem
928 2086 1061 2144 medium
1086 2087 1184 2145 noctis

197 2189 322 2250 propter
346 2177 403 2233 hoc
427 2178 508 2252 quod
534 2189 578 2232 est
602 2174 766 2233 confinium
791 2174 870 2232 inter
893 2188 1014 2250 tempus
1037 2173 1185 2232 viacionis

155 2283 187 2318 20
197 2276 225 2320 et
249 2276 368 2338 tempus
393 2277 538 2338 perpetue
562 2262 680 2338 quietis.
724 2263 845 2318 Clamor
867 2281 939 2319 vero
962 2261 1116 2337 predictus
1140 2275 1184 2319 est

197 2350 370 2408 notificacio
394 2352 570 2425 angelorum
596 2352 696 2426 quoad
725 2349 799 2406 illud
829 2348 974 2406 iudicium
1004 2367 1095 2424 quam
1120 2347 1185 2424 qui-

198 2440 267 2494 dam
291 2451 399 2495 vocant
424 2438 616 2495 tubacionent
641 2436 837 2494 novissimam
862 2436 1028 2493 Michaelis.

245 2526 323 2581 Tunc
354 2537 551 2582 surrexerunt
584 2544 682 2581 (inanes
711 2524 840 2602 virgines
871 2523 920 2580 ille
952 2536 978 2580 et
1006 2535 1185 2580 ornaverunt
1212 2533 1345 2591 Trimming
1360 2538 1386 2582 of

198 2613 338 2687 tampades
354 2631 433 2669 sitas.
460 2612 538 2683 Quia
556 2612 633 2668 inter
650 2610 725 2668 alios
742 2613 778 2668 de
796 2612 929 2667 humano
953 2629 1063 2684 genere
1087 2609 1176 2667 activi
1230 2587 1269 2630 ¹¹¹⁰
1282 2589 1366 2643 ΜΝ

155 2698 329 2756 25viventes
358 2699 388 2755 in
418 2718 491 2773 agro
515 2699 566 2773 qui
596 2699 715 2755 fuerunt
744 2698 773 2754 in
802 2696 928 2754 ecclesia
961 2710 1117 2771 resurgent
1146 2699 1183 2754 ad

198 2785 288 2842 finale
313 2785 459 2842 iudicium
484 2799 513 2843 et
537 2785 607 2861 quia
624 2804 729 2842 omnes
747 2784 787 2842 hii
812 2783 920 2859 singuli
938 2785 1074 2842 fecerunt
1090 2802 1185 2859 opera

199 2875 279 2929 bona
304 2875 340 2929 de
363 2891 481 2947 genere,
506 2875 658 2930 ornabunt
683 2873 839 2947 lampades
856 2891 935 2943 suas,
953 2872 1024 2946 quia
1041 2890 1184 2946 prepara-

198 2961 271 3016 bunt
295 2978 326 3016 se
350 2962 388 3016 ad
417 2959 570 3017 racionem
601 2960 785 3017 reddendam
815 2957 906 3015 iudici
936 2960 972 3016 de
1001 2958 1062 3015 suis
1085 2957 1184 3033 operi·

197 3048 261 3103 bus.
302 3049 340 3103 Et
372 3060 455 3121 patet
488 3049 569 3122 quod
602 3046 731 3121 virgines
764 3046 819 3103 iste
851 3059 977 3120 possunt
1011 3045 1069 3102 dici
1103 3046 1184 3102 fatue

155 3139 187 3189 30
197 3146 322 3209 propter
345 3133 413 3203 tria,
439 3134 539 3209 primo
563 3134 587 3191 si
608 3153 670 3191 non
687 3135 798 3191 habent
816 3132 1011 3190 devocionem
1030 3134 1068 3189 ad
1087 3136 1181 3189 Deum

198 3220 337 3278 faciendo
362 3223 442 3278 bona
465 3240 558 3296 opera
583 3223 620 3279 de
643 3239 762 3295 genere,
792 3222 924 3277 secundo
949 3220 972 3276 si
997 3221 1108 3277 habent
1133 3221 1183 3276 de-

195 3307 353 3365 vocionem
380 3307 481 3365 fictam
497 3308 696 3383 ypocriticam
714 3320 839 3382 propter
863 3308 974 3365 lamam
992 3309 1038 3364 vel
1063 3307 1182 3364 laudem
1193 3316 1360 3377 Threetorms
1375 3317 1402 3361 ot

195 3394 288 3452 seculi
320 3395 547 3470 acquirendam,
581 3409 609 3452 et
638 3395 732 3452 tercio
765 3394 788 3452 si
822 3412 890 3450 cum
921 3394 1007 3451 bonis
1040 3392 1183 3469 operibus
1220 3369 1371 3412 f⁰⁰¹¹⁵¹¹¹¹⁶⁵⁸'

196 3483 308 3539 babent
332 3482 528 3540 devocionem
546 3501 704 3540 erroneam
722 3481 752 3538 in
769 3480 900 3538 falsitate
919 3481 988 3538 fidei
1014 3481 1181 3538 fundatam.

154 3574 184 3626 35
196 3569 343 3626 Omnibus
372 3569 452 3626 enim
480 3569 539 3627 illis
568 3568 750 3642 extinguitur
779 3569 828 3625 lux
855 3569 1079 3644 lampadarum,
1111 3567 1182 3643 quia

196 3657 296 3713 solum
319 3656 429 3714 veritas
457 3657 537 3715 lucet
562 3660 637 3714 Deo.
670 3659 706 3712 Et
731 3655 761 3713 in
785 3656 842 3712 isto
867 3655 962 3713 tercio
987 3674 1089 3713 errore
1113 3668 1182 3712 sunt

194 3741 303 3818 singuli
339 3743 485 3815 infideles,
519 3743 590 3820 quia
625 3756 894 3819 quantumcunque
933 3742 1032 3800 devoti
1072 3743 1182 3801 fuerint

194 3832 353 3888 adorando
381 3831 476 3889 lacius
506 3850 597 3907 quam
627 3850 760 3902 oramus,
791 3830 862 3906 quia
892 3849 959 3887 cum
985 3832 1114 3888 adorant
1138 3830 1181 3886 in-

245 4048 265 4094 3.
279 4050 314 4093 A:
330 4048 374 4092 hoc
389 4049 460 4093 deest.
515 4063 535 4106 7.
551 4048 603 4093 DE:
619 4050 658 4106 qui
674 4057 732 4093 ante.
789 4048 818 4094 13.
833 4051 868 4094 A:
884 4051 939 4106 quin
955 4050 1026 4093 deest.
1081 4061 1113 4106 ¹9·
1128 4049 1181 4093 DE:

193 4101 320 4146 confinium
336 4101 450 4146 interitus.
549 4101 780 4158 2122.DE:quem
813 4103 898 4146 uidem.
996 4102 1181 4162 24.A:actum.

194 4153 229 4198 28.
240 4153 293 4198 DE:
308 4167 333 4198 sc
347 4154 375 4197 ad
392 4155 463 4198 deest.
518 4165 554 4210 29.
570 4134 588 4198 l?
603 4154 625 4197 in
641 4167 727 4210 marg:
743 4115 810 4210 quodq
822 4155 922 4209 virgines
936 4154 984 4205 {Du
998 4154 1106 4197 dicuntur
1121 4154 1183 4197 fatue

194 4212 291 4304 propter
304 4207 357 4267 tria.
397 4205 434 4262 30,
449 4205 528 4251 lah:
545 4207 572 4251 ad
588 4207 800 4263 Deum-genere
814 4207 886 4251 deest.
927 4205 1182 4262 31.A:quiahabent.

207 4255 228 4303 3.
242 4260 277 4303 A:
293 4257 399 4302 sideest.
452 4257 488 4312 34.
503 4259 556 4302 DE:
572 4259 647 4302 habet.

249 4399 288 4436 aa.
308 4380 472 4434 ‘Michaelisl
492 4383 531 4434 Cf.
553 4384 621 4434 EW.
639 4383 671 4434 of
687 4384 795 4450 Wyclil,
816 4401 873 4452 pag.
896 4384 953 4448 382,
974 4383 1031 4436 385.
