3166 5212
216 455 317 500 suario
334 440 374 530 a]
567 460 728 513 SECUNDA
748 462 842 512 raas.
1397 466 1414 521 9

259 624 295 678 Et
320 634 403 696 patet
429 641 497 678 cum
524 621 621 679 sancti
646 621 775 679 viatores
804 623 934 697 graviter
963 624 1061 680 serunt
1090 625 1199 681 exalta·
1232 633 1389 695 Trebia-esea

216 709 334 767 cionem
361 709 416 780 sui,
446 711 517 765 dum
547 711 645 767 honor
669 709 723 766 Dei
748 710 950 784 postponitur,
981 711 1076 767 multo
1105 709 1201 785 magis
1229 685 1402 783 sffiffssssfiissssif

217 796 295 854 beati
320 795 489 870 despiciunt
513 796 595 853 illam
620 798 739 853 laudem
765 816 869 854 eorum
891 815 1073 870 perversam.
1098 801 1134 855 Et
1158 798 1201 855 sic
1263 791 1362 833 honour.

217 883 297 941 beati
338 886 502 940 creduntur
543 896 757 958 contempnere
799 886 909 941 multas
942 885 1200 956 canonizaciones,

192 973 361 1028 §festorum
383 990 506 1028 suorum
529 968 746 1044 multiplicatas
767 984 796 1027 et
817 972 941 1046 cupidas
961 985 1052 1046 atque
1068 985 1202 1030 terrenas

217 1057 526 1131 sollempnizacioneS,
556 1073 584 1114 et
608 1057 650 1115 ita
674 1077 743 1114 cum
767 1058 846 1116 beati
872 1072 1089 1133 contempnunt
1113 1080 1203 1134 quos-

217 1164 335 1221 cunque
351 1147 431 1202 Deus
455 1144 671 1219 contempserit
694 1145 865 1203 necessario
894 1148 1074 1203 subtrahunt
1098 1147 1203 1203 suffra-

216 1233 298 1308 gium
327 1252 344 1289 a
373 1231 415 1288 sic
443 1251 494 1289 eos
523 1232 701 1289 colentibus,
735 1235 772 1289 Et
800 1245 882 1306 patet
911 1252 1003 1308 quam
1031 1232 1137 1290 frivola
1166 1233 1203 1290 sit

216 1323 261 1378 lex
296 1322 332 1377 de
364 1320 454 1376 laude
486 1322 628 1391 humana,
658 1322 695 1376 de
723 1320 803 1377 lama
833 1319 964 1377 hominis
994 1323 1146 1377 mundana
1175 1335 1203 1378 et

178 1408 280 1464 roeius
314 1406 532 1476 defamacione,
562 1426 630 1464 curn
655 1405 792 1464 Christus
821 1426 891 1464 suos
920 1410 1105 1482 despexerat.
1137 1412 1204 1464 Non

217 1508 317 1552 tamen
339 1513 415 1568 nego
437 1496 489 1551 sed
511 1496 617 1551 hortor
633 1497 715 1569 quod
732 1495 846 1552 viantes
868 1494 1034 1553 accessorie
1055 1496 1204 1553 honorent

219 1595 340 1639 sanctos
369 1596 397 1638 et
426 1581 565 1639 ordinate
593 1595 737 1656 appetant
766 1583 878 1639 famam
907 1601 1002 1653 suam,
1027 1585 1079 1639 sed
1104 1596 1203 1640 totum

217 1670 329 1726 lactum
353 1669 455 1725 mundi
472 1668 591 1726 videtur
613 1670 772 1743 personale
788 1683 878 1744 atque
895 1683 1116 1745 preposterum,
1134 1670 1205 1746 quia

217 1758 459 1832 quandocunque
475 1755 542 1832 quis
558 1757 679 1813 affectat
698 1756 846 1813 attencius
864 1758 977 1813 famam
992 1759 1038 1813 vel
1057 1758 1203 1815 honorem

178 1843 263 1900 r5sui
298 1856 349 1899 aut
384 1843 510 1900 membri
540 1843 651 1900 Christi
680 1863 770 1918 quam
799 1843 911 1900 Christi
939 1857 983 1900 est
1017 1844 1205 1902 adversarius

218 1930 339 1988 Christi.
364 1931 404 1985 Et
426 1932 525 1986 beatus
548 1931 655 2006 estqui
674 1950 729 1986 >ron
738 1931 835 2006 suerit
851 1931 1067 2010 scandalizatus
1090 1932 1117 1987 in
1142 1932 1204 1987 isto.

218 2019 330 2073 Omnes
355 2016 434 2072 enim
459 2016 593 2091 episcopi
618 2016 669 2091 qui
694 2019 731 2073 ad
755 2017 947 2091 temporalia,
972 2019 1010 2074 ad
1036 2020 1205 2075 mundanos

219 2105 349 2160 honores
370 2102 400 2159 in
418 2103 542 2172 familia,
560 2103 591 2160 in
608 2103 804 2179 apparatibus
820 2105 867 2161 vel
883 2103 1017 2179 expensis
1040 2103 1205 2162 ministerio

219 2189 330 2248 Christi
342 2190 501 2265 superfluis
512 2192 664 2262 anhelant,
675 2210 779 2248 omnes
790 2191 936 2267 (inquam)
947 2193 1021 2249 tales
1032 2205 1206 2266 apostatant

175 2295 207 2331 20
220 2297 287 2334 cum
299 2277 486 2334 Antichristo
508 2292 536 2334 et
557 2279 676 2335 solvunt
699 2277 862 2335 infideliter
878 2278 1010 2353 primurn
1028 2282 1205 2336 mandatum

219 2384 253 2422 ac
276 2378 372 2421 totum
391 2366 583 2439 decalogum
608 2379 636 2422 et
658 2365 732 2422 tales
753 2364 875 2423 indubie
896 2385 956 2422 non
977 2379 1046 2422 sunt
1070 2368 1206 2423 membra

220 2465 321 2509 sancte
346 2451 451 2508 matris
475 2452 609 2522 ecclesie,
634 2451 705 2527 quia
729 2466 800 2509 tunc
823 2452 918 2510 instar
940 2452 1051 2510 Christi
1076 2455 1206 2511 honores

220 2559 289 2596 suos
310 2553 526 2612 postponerent
550 2553 578 2596 et
603 2541 749 2596 honorem
773 2539 885 2596 Christi
910 2543 1063 2614 sequendo
1088 2559 1155 2597 eum
1177 2540 1206 2596 in

219 2627 279 2684 vita
290 2639 508 2701 preponerent3
526 2628 583 2684 hoc
599 2626 678 2683 enim
695 2627 772 2684 foret
788 2626 921 2683 nominis
932 2627 1043 2684 Christi
1061 2626 1205 2684 indicium

177 2713 408 2789 rirequisitum.
441 2716 478 2769 Et
507 2733 575 2770 cum
604 2713 741 2771 Christus
775 2713 847 2771 dicit
873 2717 952 2771 Luce
975 2716 1039 2784 Xl⁰‚
1066 2715 1121 2771 23:
1151 2715 1210 2782 Qui

220 2820 275 2857 nou
299 2813 341 2857 est
364 2820 473 2857 mecum
498 2801 654 2858 adversum
684 2821 729 2858 me
756 2813 808 2872 est,
830 2801 891 2858 vita
919 2819 1023 2857 eorum
1055 2804 1207 2858 mundana

220 2888 351 2945 ostendit
379 2888 481 2962 patule
505 2889 586 2962 quod
616 2901 684 2944 sunt
709 2889 846 2946 membra
869 2888 990 2962 dyaboli
1015 2902 1043 2945 et
1067 2887 1208 2962 discipuli

221 2974 407 3032 Antichristi.
442 2976 527 3032 Unde
557 2974 586 3031 in
616 2975 884 3032 confirmacionem
908 2975 1007 3032 tocius
1031 2974 1118 3032 istius
1142 2994 1207 3031 sen·

222 3063 318 3119 tencie
347 3064 404 3119 hoc
428 3061 614 3136 evangelium
638 3062 824 3137 tripartitur:
849 3062 948 3137 primo
974 3061 1046 3119 dicit
1070 3062 1207 3119 Christus

179 3157 210 3207 30
222 3149 319 3206 turbis
331 3151 496 3205 Judeorum
515 3162 543 3205 et
560 3149 747 3223 principibus
764 3151 956 3207 sacerdotum
975 3163 1008 3205 ut
1025 3148 1207 3225 posteriores

223 3251 347 3293 caveant
377 3249 405 3292 et
433 3255 494 3292 non
522 3250 686 3310 sequantur
710 3237 836 3311 priores⁴
862 3240 937 3293 Nam
964 3236 1100 3295 Christus
1124 3235 1207 3293 omni

222 3338 360 3397 tempore
401 3341 522 3397 presens
564 3322 705 3379 divinitus
748 3323 840 3380 mittit
881 3343 937 3398 pro
975 3343 1029 3381 suo
1072 3338 1208 3398 tempore
1241 3332 1405 3377 Ctirtstsends

223 3410 386 3467 officiarios
410 3428 560 3467 consonos
579 3409 731 3482 Trinitati,
755 3411 919 3486 prophetas
943 3430 1073 3487 quorum
1097 3411 1157 3469 vita
1181 3424 1210 3468 et
1247 3399 1261 3430 ¹'
1278 3385 1397 3442 ”mim

222 3495 461 3571 longanimitatis
482 3497 622 3572 potencia
645 3510 793 3555 consonat
814 3497 910 3572 prime
931 3516 1060 3573 persone
1084 3517 1142 3573 que
1166 3511 1209 3555 est

154 3559 415 3676 fggomnipotens
440 3586 519 3641 Deus
543 3586 642 3642 adhuc
666 3585 861 3643 absconditus
880 3577 914 3668 l.

276 3748 291 3778 t.
307 3736 341 3778 A:
363 3746 416 3777 cum
432 3736 528 3777 viantes.
623 3746 643 3779 2.
659 3736 711 3779 DE:
733 3736 789 3778 dum
804 3758 830 3766 -
845 3735 994 3791 postponitur
1008 3735 1084 3789 deest;
1106 3734 1210 3780 iabin

224 3799 309 3847 marq:
323 3785 427 3830 Laudem
442 3787 524 3830 falsam
539 3788 612 3831 sancti
627 3788 765 3843 despiciunt.
819 3787 837 3832 5.
854 3788 886 3831 A:
903 3800 999 3831 suorum
1014 3788 1091 3842 deest;
1110 3788 1140 3832 ib.
1156 3785 1210 3831 AB:

225 3839 378 3893 multiplices:
404 3838 433 3881 ib.
458 3839 476 3882 E
498 3840 520 3882 in
543 3853 627 3895 maru:
650 3840 728 3884 Sancti
749 3840 771 3883 in
794 3841 871 3882 seculo
892 3840 1023 3896 despiciunt
1045 3840 1210 3884 exaltacionem

225 3904 299 3942 suam,
316 3892 388 3933 multo
399 3904 454 3946 ergo
465 3892 524 3934 beati
540 3892 562 3934 in
578 3894 627 3936 celo
642 3893 712 3936 falsas
726 3892 924 3936 canonizaciones.
962 3891 982 3935 8.
993 3894 1026 3936 A:
1042 3892 1103 3948 quod
1120 3892 1210 3936 frivola.

226 3957 256 3987 10.
272 3946 306 3986 A:
323 3943 460 3997 despexerit.
562 3943 589 3987 13.
605 3945 635 3988 E:
652 3944 732 3989 mundi
748 3945 818 3987 deest.
920 3958 951 3996 ¹4·
967 3945 996 3988 E:
1013 3945 1125 3987 atteucius
1140 3944 1210 3987 deest.

226 3997 253 4039 15.
275 3998 308 4039 A:
334 4009 415 4048 stutm;
439 3996 470 4039 ib.
494 3997 513 4039 E
536 3997 564 4039 al.
589 4010 672 4040 mauu:
695 3997 782 4040 Christi
807 3999 872 4051 plua;
896 4009 965 4052 quam
985 4020 1010 4027 —
1030 3997 1115 4040 Christi
1139 3996 1210 4038 deest.

226 4048 618 4101 15,tti.A:est—Christideest.
665 4049 811 4092 18.A:cnm
826 4048 984 4105 apparatibus.
1027 4060 1059 4103 19·
1074 4050 1107 4092 A:
1124 4047 1211 4091 Christi

226 4101 298 4142 deest.
353 4111 385 4142 22.
401 4098 451 4143 BC:
467 4102 505 4157 qui
521 4108 583 4144 tunc.
642 4101 677 4145 28.
692 4103 726 4145 A:
742 4101 825 4154 huius;
842 4101 957 4145 sentencie
972 4100 1043 4143 deest.
1102 4112 1137 4160 29.
1154 4101 1172 4142 h
1189 4100 1211 4142 in

227 4165 312 4212 mara:
327 4151 466 4207 Exposicio;
481 4153 638 4215 evangelium:
661 4155 682 4196 A
697 4154 719 4196 itt
735 4166 821 4209 marg.:
838 4167 853 4197 t.
926 4164 962 4207 ²9·
978 4151 1012 4195 30.
1028 4153 1061 4195 A:
1077 4152 1131 4195 dicit
1146 4152 1212 4194 lesus

227 4205 300 4247 turbis
316 4203 509 4250 christianorum:
532 4207 564 4258 h;
580 4206 768 4248 christianorum.
846 4205 878 4251 33.
893 4204 928 4256 31.
944 4207 977 4248 A:
994 4217 1093 4258 quorum
1110 4206 1210 4259 loquela;

226 4256 256 4300 13:
268 4257 313 4299 xita
324 4256 461 4316 loquebatur
472 4266 492 4299 et
505 4258 677 4319 longanimiter.
687 4258 794 4302 Fortasse
805 4258 939 4312 legendum:
951 4268 1051 4312 quorum
1060 4257 1114 4310 rita,
1124 4256 1213 4310 loquela

226 4316 247 4350 et
261 4309 442 4363 longanimitatis
458 4317 571 4363 potencia.
812 4321 815 4327 ·

281 4416 319 4467 ¹7·
338 4399 428 4450 Matth.
447 4399 490 4461 Xl,
509 4398 536 4450 6.
