3166 5212
169 481 269 529 seruo
286 467 378 559 uvat]
522 489 684 540 sacuuon
703 487 799 538 rans

169 668 237 706 cum
261 647 299 704 sit
331 647 440 704 vermis
475 665 509 704 ac
542 667 632 704 omne
666 647 843 705 delectabile
876 647 907 702 in
941 646 1043 703 medio
1067 646 1156 703 huius

169 735 249 805 retis,
274 755 336 792 non
362 735 471 790 mirum
496 734 520 790 si
545 738 581 791 de
605 734 689 792 omni
713 753 822 808 genere
847 733 986 809 piscium,
1018 735 1075 790 hoc
1100 748 1153 801 est,

170 822 304 880 fidelium
339 821 541 896 congregavit.
576 825 652 879 Nam
687 821 717 879 in
749 821 848 896 prima
877 821 1049 896 piscacione
1075 820 1154 878 Petri

169 912 367 984 rumpebatur
396 924 458 966 rete
491 915 535 981 (ut
567 923 650 983 patet
676 912 754 966 Luce
778 911 840 977 V⁰)‚
875 911 926 966 sed
961 909 991 965 in
1021 909 1155 965 secunda

143 996 341 1072 §piscacione
366 997 445 1054 l'etri
468 1009 538 1071 post
561 996 818 1054 resurreccionem
836 996 867 1052 in
883 1010 1009 1071 captura
1033 1009 1154 1052 centum

169 1084 387 1160 quinquaginta
424 1083 516 1140 trium
551 1103 730 1159 magnorum
763 1083 891 1158 piscium
930 1098 992 1140 rete
1029 1082 1154 1140 ecclesie

169 1191 228 1228 non
258 1184 303 1228 est
331 1171 456 1228 scissum
486 1182 530 1242 (ut
558 1185 641 1246 patet
673 1170 819 1228 lobannis
851 1169 959 1228 ultimo
989 1175 1049 1242 ιι).
1083 1173 1154 1227 Rete

170 1273 270 1316 autem
295 1258 346 1334 qui
375 1272 419 1315 est
443 1259 580 1316 Christus
608 1257 819 1333 predestinatus
843 1259 959 1314 nullum
988 1259 1152 1314 secundum
1209 1263 1327 1341 ‚lellll'l

170 1345 357 1403 divinitatem
387 1345 468 1420 capit
501 1346 581 1403 intra
615 1345 772 1403 ecclesiam
807 1345 859 1421 qui
892 1359 959 1419 post
989 1344 1068 1415 exiit,
1101 1346 1153 1402 sed
1164 1316 1370 1413 dliiiiliilliiiii]

129 1433 300 1508 roapostoli
324 1432 377 1489 Dei
409 1433 563 1491 adiutores
596 1435 708 1490 multos
732 1432 856 1508 capiunt
888 1432 966 1489 intra
995 1431 1152 1489 ecclesiam
1173 1421 1335 1515 barteruaras

170 1520 350 1577 militantem
376 1523 414 1578 ad
439 1521 528 1577 fidem
547 1533 576 1578 et
590 1533 781 1578 sacramenta
798 1521 963 1577 secundum
982 1533 1151 1594 presentem
1164 1474 1371 1581 diliiite‘iuig'nilii

169 1607 330 1678 iusticiam,
363 1608 413 1683 qui
444 1609 640 1682 postmodum
670 1621 814 1681 rumpunt
849 1620 921 1679 rete,
951 1607 1001 1682 qui
1035 1607 1154 1664 solvunt
1176 1579 1360 1675 apppeptpgtwpm

169 1695 299 1752 finaliter
339 1696 517 1769 decalogum
557 1697 780 1753 mandatorum.
820 1696 905 1752 Unde
949 1692 1086 1770 sequitur
1123 1694 1153 1750 in

168 1796 263 1838 textu:
292 1782 387 1850 Quam
411 1802 475 1838 cum
500 1783 617 1858 impleta
650 1793 723 1839 esset
746 1783 897 1839 educentes
928 1793 954 1837 et
982 1799 1064 1838 secus
1087 1782 1155 1837 litus

130 1870 298 1926 rSsedentes
321 1870 472 1947 elegerunt
495 1871 584 1926 bonos
606 1869 634 1926 in
660 1889 728 1927 vasa
751 1888 815 1941 sua,
839 1869 931 1924 nralos
953 1881 1048 1925 aretem
1061 1869 1155 1944 foras

169 1958 308 2013 miserunt
332 1962 376 2031 (ut
399 1970 541 2013 narratur
565 1956 726 2031 superius).
756 1955 894 2013 Christus
918 1969 1019 2013 autem
1049 1975 1153 2013 secun-

169 2045 241 2100 dum
266 2044 467 2119 capacitatem
492 2044 604 2101 ventris
628 2044 673 2102 sui
698 2044 849 2119 duplicem
883 2042 1044 2118 dupliciter
1073 2042 1154 2118 capit

169 2131 275 2205 pisces,
301 2132 420 2207 aliquos
443 2133 608 2189 secundum
643 2145 813 2206 presentem
848 2129 998 2187 iusticiam
1023 2150 1099 2206 quos
1124 2130 1153 2186 in

170 2219 228 2275 fine
266 2221 419 2294 reprobat,
459 2219 530 2294 quia
568 2238 724 2295 nunquam
764 2237 815 2275 eos
853 2219 890 2275 ad
934 2217 1151 2275 beatitudinem

127 2324 159 2359 ιο
169 2305 347 2380 acceptavit,
371 2309 423 2363 sed
446 2306 521 2363 alios
546 2320 578 2363 ut
600 2306 805 2380 acceptandos
822 2304 853 2362 in
870 2304 1028 2363 ecclesiam
1047 2303 1153 2362 trium-

169 2395 323 2467 phantem.
349 2396 407 2451 Sed
431 2408 560 2468 utraque
584 2393 709 2450 istarum
735 2392 939 2467 capacitatum
965 2406 1008 2449 est
1033 2392 1154 2450 modica

170 2480 200 2536 in
224 2481 459 2555 comparacione
483 2494 630 2556 quantum
665 2482 703 2538 ad
737 2479 938 2555 capacitatem
970 2499 1030 2555 qua
1054 2493 1153 2555 potest

169 2581 264 2624 totam
290 2566 448 2625 eeclesiam
482 2568 663 2625 catholicam
693 2586 802 2642 capere
831 2580 864 2624 ut
894 2566 1024 2625 finaliter
1047 2568 1153 2624 trium·

168 2656 323 2729 phantem.
357 2657 526 2713 Educentes
554 2670 655 2713 autem
680 2669 807 2730 possunt
836 2653 895 2711 dici
925 2654 1073 2712 catholice
1097 2654 1152 2712 viri

127 2745 157 2796 25
168 2742 328 2816 apostolici
345 2742 396 2817 qui
414 2742 516 2800 iuvant
535 2747 630 2800 Deum
648 2744 684 2801 ad
704 2743 815 2800 electos
831 2761 901 2799 suos
918 2743 954 2799 de
972 2742 1047 2800 mari
1065 2742 1153 2799 huius

168 2830 261 2886 seculi
285 2831 485 2887 educendum.
510 2829 616 2905 Angeli
640 2844 740 2887 autem
759 2843 885 2905 possunt
910 2829 969 2886 dici
984 2829 1065 2887 iuxta
1082 2829 1153 2886 litus
1190 2835 1242 2880 The
1257 2837 1347 2892 angers

168 2919 316 2989 sedentes,
341 2936 410 2974 cum
434 2936 496 2974 non
521 2916 635 2975 intrant
659 2935 743 2974 mare
767 2916 855 2974 huius
878 2916 971 2974 seculi
995 2889 1300 2986 nobiscumsffgss'ssdaffi'
1310 2891 1372 2999 ilfi,

167 3003 282 3061 viantes
305 3005 357 3061 sed
381 3018 462 3061 stant
485 3004 515 3060 in
538 3004 627 3062 litore
658 3003 819 3062 soliditatis
843 3018 987 3079 perpetue
1019 3004 1155 3062 iuvantes

169 3104 277 3162 tractu,
303 3092 440 3167 exemplo
465 3105 493 3149 et
517 3091 721 3163 oracionibus,
750 3110 811 3148 non
838 3091 964 3149 viantes.
995 3091 1044 3148 Sic
1073 3091 1152 3149 enim

126 3182 158 3232 30
169 3179 306 3235 Christus
330 3192 398 3253 post
423 3192 552 3236 mortem
578 3198 662 3237 suam
688 3178 797 3254 legitur
819 3177 936 3236 stetisse
959 3178 990 3235 in
1012 3178 1101 3236 litore
1126 3193 1154 3237 et

169 3280 307 3340 tempore
330 3265 476 3324 viacionis
499 3284 552 3323 sue
576 3267 735 3324 ambulans
764 3284 854 3340 supra
884 3285 967 3323 mare
1002 3267 1047 3339 (ιιι
1071 3280 1154 3342 patet

169 3353 294 3410 Matthei
318 3355 399 3410 X1V0
424 3366 453 3410 et
484 3353 629 3411 lobannis
661 3353 793 3428 ultimo).
827 3356 885 3410 lsta
918 3367 1018 3411 autem
1042 3373 1153 3428 sagena

169 3454 240 3497 tunc
264 3440 408 3515 impletur
431 3443 554 3516 quando
579 3460 646 3498 cum
675 3440 883 3515 triumphante
914 3439 1041 3498 ecclesia
1064 3443 1154 3498 habet

170 3527 279 3584 milites
303 3528 354 3603 qui
379 3527 532 3585 sufficiunt
561 3542 658 3585 totum
688 3526 963 3602 predestinatorum
992 3546 1152 3585 numerum

125 3614 346 3690 35adimplere.
370 3617 456 3673 Tunc
480 3616 559 3673 enim
585 3629 646 3673 tam
671 3615 726 3672 viri
751 3613 911 3690 apostolici
935 3633 1026 3689 quarn
1056 3613 1153 3689 angeli

169 3701 288 3760 mittent
312 3702 534 3778 predestinatos
557 3702 588 3760 in
611 3722 681 3760 vasa
705 3720 768 3774 sua,
786 3704 844 3759 hoc
868 3715 921 3774 est,
938 3701 969 3757 in
986 3700 1154 3776 capacitate

168 3808 222 3847 sua
247 3791 284 3847 ad
309 3789 528 3848 beatitudinem
553 3791 767 3865 acceptandos.

221 3987 236 4018 ι.
252 3974 304 4019 DE:
320 3983 342 4020 et
355 3987 432 4019 omne.
525 3973 544 4019 3.
560 3973 613 4017 DE:
628 3973 688 4017 Petri
703 3974 774 4017 deest.
868 3987 890 4025 4.
905 3975 939 4017 Αι
960 3971 1020 4016 Luce
1034 3970 1067 4015 νο
1082 3973 1153 4017 deest.

168 4027 189 4069 b.
201 4027 253 4070 DE:
269 4028 338 4072 trium
350 4029 422 4072 deest.
478 4040 499 4084 9.
511 4027 562 4071 DE:
578 4027 617 4083 qui
630 4027 713 4081 primo.
769 4023 798 4070 13.
810 4023 862 4068 DE:
878 4026 975 4069 finaliter
986 4025 1062 4079 deest;
1076 4026 1107 4070 ib.
1118 4028 1152 4070 A:

167 4079 272 4122 etunde.
327 4080 694 4137 tb,t7.A:Secundttmautem.
748 4090 784 4121 ιο.
799 4077 851 4121 DE:
868 4086 892 4121 ut
906 4078 978 4122 deest.
1032 4080 1153 4132 21‚22.A:

167 4138 201 4174 est
216 4133 308 4176 modica
323 4157 347 4164 -
362 4134 512 4188 capacitatem
528 4133 600 4175 deest.
647 4142 678 4174 22.
694 4130 745 4174 DE:
761 4143 840 4185 quam.
886 4143 921 4183 ²4·
936 4132 970 4174 A:
985 4138 1061 4174 autem
1077 4131 1153 4184 deest;

168 4184 198 4226 ib.
206 4184 257 4228 DE:
268 4187 380 4229 catholice
388 4187 464 4238 deest;
476 4184 566 4228 iuba:
576 4184 636 4237 veri;
647 4183 768 4226 theoda:
779 4183 887 4239 apostoli.
915 4182 1010 4226 26.DE:
1019 4183 1153 4226 educendis.

217 4265 238 4343 r.
258 4294 367 4345 S.E.W.
383 4295 399 4358 l,
416 4292 477 4360 287:
495 4293 602 4355 „andin
617 4293 661 4342 the
677 4290 783 4357 myddis
795 4290 921 4341 thetolis
935 4290 1012 4352 Crist,
1025 4306 1039 4341 a
1054 4289 1153 4342 blessid

168 4379 264 4426 worm,
278 4362 334 4413 that
348 4364 398 4413 alle
413 4379 474 4413 meu
488 4363 608 4413 coveiten
624 4360 759 4429 lyndeli.”
769 4361 829 4411 The
841 4357 955 4424 ‘worm'‚
968 4376 1029 4428 says
1043 4361 1154 4425 llrnold,

170 4444 240 4484 must
253 4433 350 4500 signify
365 4435 427 4484 here
442 4433 487 4484 the
501 4432 555 4485 brit
568 4433 626 4484 thet
639 4432 661 4482 is
674 4441 722 4498 put
734 4430 761 4482 in
774 4431 821 4482 the
834 4440 878 4482 net
890 4441 917 4482 to
931 4441 1022 4482 attract
1035 4430 1080 4482 the
1095 4428 1154 4482 bsh.
