3166 5212
123 461 226 508 sarno
242 443 313 532 nn]
477 465 638 517 sucuuoa
658 466 751 516 raas.

125 627 157 683 fit
186 644 220 682 ex
248 625 413 682 devocione
442 638 523 683 recta
552 627 718 682 secundum
748 628 865 701 regulas
892 630 962 684 lesu
986 628 1109 698 Christi,

124 714 246 789 quando
275 712 353 770 enim
384 711 520 770 Christus
549 711 621 769 dicit
650 715 731 771 Luce
754 715 845 784 XlV0,
874 714 926 771 33:
957 716 1023 771 Nisi
1048 716 1111 791 quis

58 791 112 840 l⁰¹
124 800 338 859 renunciaverit
371 801 501 856 omnibus
535 818 588 875 que
615 801 756 875 possidet,
782 794 785 883 l
817 821 871 858 non
901 814 998 878 potest
1031 821 1112 860 meus

89 864 185 946 ²esse
209 888 376 963 discipulus
400 886 484 943 Talis
509 900 655 961 patronus
680 886 752 944 dicit
776 902 914 946 econtra:
956 889 1020 947 Nisi
1044 890 1110 966 quis

100 982 220 1034 §totum
253 986 449 1050 patronatum
480 993 580 1030 meum
614 974 782 1049 possederit
814 989 904 1051 atque
934 977 1110 1046 defenderit,

124 1082 185 1120 non
208 1063 297 1119 debet
324 1079 388 1118 esse
414 1079 498 1118 meus
522 1060 761 1118 elemosinarius.
791 1065 828 1118 Et
852 1063 894 1120 sic
919 1067 956 1122 de
979 1063 1112 1139 privato·

124 1169 189 1206 rum
215 1148 356 1206 ordinum
383 1147 623 1205 fundacionibus.

167 1235 335 1311 Dupliciter
359 1249 460 1293 autem
478 1248 604 1309 possunt
621 1235 747 1333 intelligi
766 1237 834 1294 talis
851 1237 910 1295 olei
927 1237 1110 1309 venditores,
1142 1252 1227 1294 sulen
1241 1250 1268 1292 ot
1280 1248 1310 1291 ott

124 1324 170 1380 vel
194 1323 236 1380 illi
266 1324 415 1380 seculares
443 1337 494 1378 aut
524 1322 644 1396 patroni
674 1323 725 1397 qui
755 1327 887 1381 vendunt
915 1324 1111 1382 devocionem
1133 1301 1324 1416 ffifflssallll‘}

87 1410 155 1467 ioin
179 1410 315 1486 sequenti
340 1409 458 1507 privato
482 1407 588 1466 ordine
612 1423 737 1484 propter
766 1411 915 1485 premium
944 1412 1113 1486 temporale
1124 1415 1146 1450 ¹⁰
1161 1408 1248 1502 bbg?
1254 1405 1329 1450 “¹²⁰⁸

125 1498 170 1555 vel
199 1495 249 1554 ille
280 1510 359 1554 secte
392 1496 508 1571 private
537 1515 595 1571 que
622 1498 755 1553 vendunt
780 1499 976 1556 devocionem
1007 1499 1112 1555 funda-

125 1584 250 1655 toribus,
289 1597 456 1641 asserentes
489 1582 649 1639 infideliter
687 1586 768 1658 quod
801 1586 954 1643 habebunt
993 1599 1110 1652 tantum

125 1671 273 1747 privatum
308 1670 465 1746 spirituale
496 1669 671 1743 suffragium
704 1684 772 1745 post
808 1672 887 1730 diem
927 1672 1045 1743 iudicii,
1084 1685 1113 1729 et

126 1773 239 1816 certum
264 1772 308 1815 est
338 1759 419 1833 quod
443 1777 498 1814 nec
527 1756 575 1813 isti
604 1776 659 1814 nec
689 1757 732 1814 illi
760 1760 835 1816 tales
859 1760 1029 1817 venditores
1053 1758 1112 1816 olei

86 1852 250 1923 15possunt
283 1859 354 1902 tunc
382 1864 452 1902 suos
481 1843 661 1902 correlarios
690 1846 834 1903 habentes
868 1860 939 1904 tunc
968 1845 1113 1903 extinctas

125 1935 281 2008 lampades
309 1933 462 1990 adiuvare.
494 1934 582 1989 Certa
613 1931 716 2006 itaque
745 1946 788 1989 est
812 1933 923 1991 Christi
952 1932 1058 2008 religio
1082 1932 1113 1989 in

125 2039 184 2097 qua
217 2034 375 2096 sequentes
407 2017 614 2076 ordinacionis
647 2037 699 2076 sue
732 2021 828 2095 legem
857 2035 885 2078 et
920 2020 1112 2095 perficientes

126 2126 192 2166 eam
226 2105 357 2164 finaliter
390 2105 420 2163 in
453 2105 670 2163 beatitudinem
706 2106 803 2180 patrie
836 2108 1029 2178 inducuntur,
1063 2106 1114 2164 alii

126 2207 225 2252 autem
244 2195 346 2251 clausa
362 2193 452 2250 ianua
469 2193 681 2263 excluduntur;
699 2206 728 2250 et
744 2193 786 2251 sic
798 2195 985 2252 seminantur
996 2194 1114 2269 spissim

85 2301 115 2335 20
126 2281 296 2338 venditores
320 2279 378 2338 olei
402 2299 456 2355 per
485 2279 649 2354 discipulos
672 2279 859 2338 Antichristi.
900 2281 1006 2338 Omnis
1035 2281 1114 2338 enim

126 2386 205 2444 papa
228 2369 274 2424 vel
307 2367 476 2443 episcopus,
506 2366 641 2441 privatus
671 2368 748 2424 ordo
776 2370 822 2426 vel
852 2368 1018 2426 chullarius
1047 2387 1115 2443 pro-

127 2455 248 2512 mittens
272 2453 498 2512 infundabiliter
523 2453 607 2510 laicis
624 2453 782 2529 spirituale
806 2456 982 2531 suffragium
1007 2455 1115 2530 inquo

126 2561 251 2600 erronee
280 2555 349 2599 sunt
377 2540 476 2599 devoti
508 2555 551 2597 est
576 2540 704 2598 iniustus
728 2543 866 2599 venditor
895 2543 953 2600 olei
978 2542 1028 2618 qui
1054 2561 1115 2599 non

126 2630 236 2706 poterit
261 2629 290 2685 in
315 2628 398 2686 finali
421 2627 535 2685 iudicio
558 2628 726 2702 suffragari

85 2719 114 2769 25
169 2720 206 2773 Et
243 2716 286 2774 sic
323 2718 424 2792 quoad
459 2717 624 2773 secundum
663 2716 776 2772 dictum
815 2731 858 2773 est
896 2717 996 2792 sepius
1033 2719 1114 2792 quod
1144 2729 1318 2773 Possibititvot

128 2805 252 2862 stultum
265 2805 343 2860 foret
358 2822 419 2859 non
437 2804 597 2858 habentem
616 2804 654 2860 ad
672 2805 729 2860 hoc
747 2821 796 2860 rev
799 2803 966 2862 elacionem
983 2822 1116 2861 asserere
1126 2783 1170 2826 '²¹¹‘
1185 2794 1225 2837 “l
1227 2789 1330 2825 ⁰¹¹⁸²¹¹¹⁰²

126 2910 312 2968 quemquam
337 2891 402 2947 fore
426 2891 654 2964 dampnandum
679 2904 803 2965 propter
827 2892 884 2948 hoc
909 2893 991 2966 quod
1015 2890 1114 2948 intuli

127 2978 285 3054 proposito
317 2979 363 3035 vel
394 2977 500 3034 ordine
531 2977 763 3048 consummavit,
797 2997 865 3034 cum
894 2978 925 3034 in
953 2991 1115 3053 quantum-

128 3085 246 3141 cunque
278 3083 372 3140 parvo
404 3077 542 3138 tempore
575 3063 604 3120 in
638 3083 692 3122 suo
724 3064 804 3121 exitu
836 3066 972 3139 graciose
1005 3064 1113 3123 reverti

86 3154 117 3204 30
128 3153 239 3228 poterit
264 3155 301 3209 ab
326 3170 437 3209 errore.

170 3240 243 3297 Tria
272 3253 373 3296 tamen
400 3238 539 3295 videntur
568 3237 641 3294 mihi
674 3237 844 3312 probabilia
872 3238 902 3295 in
935 3240 991 3295 hac
1020 3251 1115 3312 parte,
1167 3252 1259 3306 isanger
1273 3251 1299 3293 ot

129 3327 228 3401 primo
253 3328 333 3401 quod
359 3325 531 3399 quicunque
556 3325 813 3382 consummaverit
832 3325 862 3381 in
879 3325 937 3382 isto
954 3342 1055 3382 errore
1073 3338 1116 3381 est
1194 3316 1266 3347 ⁰⁸⁰¹·

129 3414 355 3488 dampnandum
379 3413 513 3469 secundo
536 3413 618 3487 quod
643 3411 839 3486 indisposicio
856 3412 991 3469 criminis
1015 3430 1048 3469 ex
1065 3414 1116 3469 ad·

128 3501 284 3558 versancia
319 3498 514 3556 ordinacion'r
544 3511 573 3555 et
606 3498 663 3572 legi
697 3498 808 3555 Christi
844 3499 1013 3573 periculose
1045 3518 1115 3556 con-

87 3588 264 3644 35tinuatur
292 3587 322 3643 in
350 3586 509 3657 viantibus,
543 3604 611 3643 cum
640 3586 686 3643 vel
715 3587 811 3643 malus
839 3588 885 3643 vel
915 3585 1045 3643 difficilis
1079 3586 1116 3643 sit

129 3674 188 3731 illis
212 3674 316 3731 exitus.
342 3676 409 3730 Non
434 3673 513 3730 enim
538 3674 721 3730 credendum
752 3687 796 3730 est
825 3676 906 3748 quod
931 3672 1117 3747 Augustinus

130 3775 158 3818 et
197 3760 289 3818 ceteri
322 3759 417 3817 sancti
451 3760 570 3817 suerunt
603 3779 671 3817 cum
705 3759 769 3817 istis
802 3760 927 3834 privatis
960 3760 1116 3817 ordinibus

129 3847 312 3923 desponsati.
352 3847 388 3904 Et
417 3846 510 3904 tercio
540 3847 658 3904 videtur
682 3846 755 3904 mihi
786 3852 864 3918 (cum
890 3866 960 3922 pars
984 3847 1118 3905 securior

184 4115 199 4145 1
215 4102 234 4144 Ι)
249 4114 272 4144 vn
287 4114 372 4162 marg
392 4101 461 4144 Nota.
549 4100 571 4141 8.
588 4100 643 4143 Lm
659 4114 744 4156 marg
760 4101 893 4145 vendentes
907 4103 984 4146 oleum
1000 4115 1038 4157 qut
1055 4109 1115 4144 sunt

130 4156 151 4197 8.
167 4155 201 4197 A:
224 4153 263 4197 sud
284 4154 418 4209 dupliciter:
440 4153 471 4195 ib.
487 4152 538 4196 llE:
563 4160 646 4214 potest.
753 4154 781 4197 ι5.
798 4154 856 4196 Ein
877 4168 964 4209 marg:
987 4154 1117 4197 collatores

130 4217 164 4249 2ο
180 4206 236 4248 Ein
252 4217 338 4260 marg:
353 4205 422 4249 Nota.
528 4216 558 4248 2ι.
574 4204 626 4247 tui:
642 4204 860 4255 chullariusdecst;
883 4214 954 4249 recte.
970 4206 1116 4250 cucullarius.

130 4258 200 4303 aas
214 4271 237 4301 tn
252 4270 338 4311 marg
355 4257 450 4306 Adi-t
465 4257 521 4300 Em
537 4269 624 4318 marg
640 4269 660 4300 2
767 4269 800 4318 27.
815 4260 849 4302 A:
865 4272 915 4300 essu
931 4259 1116 4320 dampnandum

131 4311 217 4367 2829
232 4311 266 4354 A:
268 4322 452 4458 dquocunque..
472 4308 502 4353 31
514 4309 566 4353 Eut
579 4322 664 4371 marg
680 4307 741 4352 Nota
755 4310 793 4353 hic
807 4311 857 4353 trra
902 4309 937 4365 32,
948 4309 981 4367 33,
993 4309 1027 4354 38.
1039 4309 1117 4353 ΑΕΙιι

132 4375 218 4417 marg.
234 4373 273 4411 ra
354 4359 378 4404 32
399 4363 432 4404 A
447 4361 492 4405 isto
508 4361 637 4417 proposito
680 4359 713 4404 33
725 4363 758 4404 A.
774 4374 878 4405 crtmtnts
892 4374 970 4418 quam
1012 4359 1046 4405 36.
1062 4361 1116 4404 Ein

134 4428 221 4470 marg:
236 4395 282 4458 vul
284 4428 296 4459 e
311 4421 402 4458 attente.
