3166 5212
221 475 324 521 sarno
341 456 413 546 ina]
580 480 741 532 saeuum
762 479 855 529 rias.

222 642 321 714 ipsum
347 639 377 695 in
402 639 459 697 ista
475 640 533 697 vite
549 641 751 698 strictitudinc
775 639 995 697 consecuntur?
1020 640 1133 694 Revera
1148 656 1210 692 non

224 728 322 783 solum
341 727 583 785 conversacionis
601 727 752 785 contrarie
769 727 864 784 libido
881 729 933 784 sed
951 726 1046 784 eciam
1071 724 1210 782 carencia

224 816 337 871 fructus
377 814 545 888 Baptistam
590 815 801 891 consequentis
843 815 946 890 patule
986 811 1209 871 contradicunt.

225 905 293 958 ltleo
323 901 459 959 Christus
492 917 520 959 et
549 902 684 977 Baptista
717 921 786 959 cum
816 903 877 960 suis
909 900 1064 976 discipulis
1098 899 1212 956 iudices

199 989 320 1045 §nostri
346 1003 442 1046 erunt.
468 990 636 1066 Utrobique
660 990 782 1065 quidem
806 989 963 1047 ordinacio
981 1003 1009 1046 et
1026 985 1212 1062 exemplacio

225 1075 337 1134 Christi
361 1077 544 1134 subvertitur
568 1091 596 1134 et
625 1077 701 1135 sicut
727 1078 832 1135 fratres
857 1090 884 1134 et
909 1075 1126 1151 possessionati
1150 1093 1212 1132 non

225 1177 392 1238 sequuntur
420 1164 587 1239 Baptistam
618 1164 647 1221 in
681 1165 763 1221 cultu
792 1164 905 1221 heremi
934 1178 962 1221 et
996 1163 1210 1239 temporalium

226 1250 383 1325 parcitate,
412 1251 455 1308 sic
483 1252 592 1326 prelati
621 1265 650 1309 et
673 1251 845 1327 specialiter
873 1251 963 1327 primi
994 1251 1124 1326 pastoris
1152 1249 1212 1306 dis·

226 1338 317 1412 cipuli
342 1340 539 1396 adversantur
562 1339 617 1395 sibi
642 1340 671 1396 in
702 1358 773 1396 cure
797 1339 957 1413 pastoralis
986 1338 1161 1396 desercione
1184 1348 1213 1392 et

185 1425 468 1482 toconversacionis
492 1427 603 1484 Christi
632 1426 803 1484 reliccione.
844 1426 963 1484 llodius
988 1426 1066 1483 enim
1092 1425 1143 1501 qui
1168 1437 1212 1481 est

226 1512 326 1570 anime
351 1532 455 1569 eorum
481 1514 634 1588 capacitas
664 1528 707 1570 est
738 1515 906 1586 subversus,
936 1513 1007 1589 quia
1030 1515 1076 1571 vel
1100 1532 1117 1570 a
1142 1531 1212 1569 con-

225 1599 413 1657 sideracione
438 1600 540 1658 celesti
563 1620 683 1671 vacans,
708 1601 750 1658 sic
766 1604 848 1677 quod
865 1601 1008 1677 quicquid
1033 1600 1063 1657 in
1088 1598 1212 1657 orelicio

157 1725 204 1774 Fol
226 1707 279 1744 suo
304 1687 453 1762 superiori
478 1688 610 1763 ponitur,
635 1689 737 1745 statim
755 1691 793 1746 ad
816 1690 942 1745 fundum
961 1689 1071 1746 labitur
1091 1701 1118 1745 et
1135 1700 1212 1744 tam·

153 1761 316 1860 227iquam
346 1775 478 1850 positum
510 1776 539 1832 in
568 1795 664 1834 vacuo
686 1795 746 1833 non
771 1776 882 1833 residet
905 1777 950 1833 vel
974 1789 1111 1850 gustatur
1132 1771 1136 1856 Ι
1157 1773 1214 1830 nisi

186 1863 302 1918 15f0rte
326 1875 479 1919 terrenum
499 1864 587 1920 fuerit
608 1865 654 1921 vel
676 1866 878 1934 mundanum3
903 1877 954 1921 aut
982 1863 1069 1921 aliter
1092 1863 1213 1919 subver—

226 1949 299 2005 titur
332 1950 387 2006 iste
422 1950 550 2023 modius,
583 1951 625 2008 sic
658 1953 739 2027 quod
772 1951 822 2008 ubi
862 1951 1014 2025 capacitas
1053 1951 1213 2024 dyaphana

227 2036 390 2111 erigeretur
414 2056 516 2095 versus
540 2038 677 2113 superius
701 2052 729 2095 et
753 2038 862 2096 fundus
886 2051 978 2096 staret
1001 2037 1125 2095 inferius
1149 2056 1212 2094 sus-

227 2138 346 2181 tentans
380 2125 527 2195 modium,
564 2125 659 2182 nostri
698 2125 798 2183 clerici
836 2128 946 2183 habent
980 2126 1113 2183 cautelas
1144 2141 1213 2181 suas

228 2227 318 2286 atque
357 2212 553 2286 prudenciam
588 2214 667 2270 circa
700 2213 880 2288 temporalia
914 2232 971 2288 que
1006 2227 1074 2269 sunt
1112 2230 1214 2269 versus

184 2316 217 2350 20
228 2298 375 2373 superius.
394 2300 430 2355 Et
447 2300 471 2355 si
489 2301 623 2375 aliquam
640 2300 801 2358 scintillam
819 2300 894 2357 lucis
911 2299 1028 2357 celestis
1045 2299 1214 2365 habuerint,

228 2406 281 2461 per
306 2386 501 2444 atl'eccionem
531 2390 569 2445 ad
593 2387 774 2463 temporalia
802 2407 855 2445 sua
884 2387 1067 2463 opprimitur
1091 2400 1120 2444 et
1143 2386 1214 2444 boni

227 2473 392 2548 spiritualis
409 2475 602 2549 splendencia
620 2476 798 2533 occultatur.
824 2478 861 2530 Et
877 2475 934 2532 ista
950 2475 1104 2532 subversio
1121 2473 1216 2531 modii

230 2563 415 2635 prelatorum
456 2562 614 2620 confundit
647 2562 814 2621 ecclesiam.
855 2562 992 2620 Christus
1029 2561 1108 2619 enim
1143 2561 1215 2618 dicit

228 2651 309 2723 quod
343 2650 391 2705 lux
423 2652 610 2723 prelatorum
644 2651 731 2707 debet
759 2651 860 2706 lucere
892 2668 993 2707 versus
1021 2648 1158 2725 superius
1187 2661 1215 2705 et

186 2739 289 2793 tinon
313 2750 470 2810 tamquam
495 2738 605 2812 pingue
630 2737 755 2795 fluidum
778 2739 951 2812 dependens
967 2756 1069 2795 versus
1091 2735 1215 2794 inferius

228 2842 259 2879 se
283 2823 381 2897 ipsum
407 2824 593 2898 extinguere;
617 2844 689 2882 nam
706 2824 806 2899 primo
831 2826 922 2881 modo
946 2823 1111 2899 glorificari
1127 2826 1215 2880 debet

229 2925 314 2984 pater
338 2911 456 2968 celestis
481 2931 513 2968 ex
533 2915 712 2969 ascendente
729 2912 874 2984 lucencia,
898 2915 950 2971 sed
974 2915 1107 2970 secundo
1124 2913 1216 2968 modo

230 3017 281 3072 per
306 2999 550 3057 tenebracionem
576 2999 762 3074 magnificari
786 3001 941 3074 dyabolus.

274 3086 379 3157 ll'olita
404 3086 501 3162 inquit
521 3086 666 3158 Christus,
688 3099 795 3164 pitture
811 3089 888 3163 quod
904 3088 969 3144 ueni
990 3088 1105 3145 solvere
1121 3086 1215 3165 legem

188 3173 405 3252 loblusqrcnm
438 3186 488 3230 ortt
517 3175 689 3250 prophetas9
720 3176 772 3232 sed
800 3174 904 3249 pocius
932 3174 1000 3232 veni
1028 3187 1090 3232 tam
1120 3175 1216 3248 legem

230 3261 396 3318 blosaicam
421 3281 511 3336 quam
537 3262 701 3336 scripturas
729 3262 923 3337 propheticas
946 3262 1117 3338 adimplere.
1159 3264 1216 3317 lex

230 3346 352 3421 quidem
369 3349 503 3406 blosaica
520 3352 621 3424 quoad
644 3349 847 3407 moralitatem
872 3369 957 3407 suam
981 3368 1035 3425 per
1052 3347 1215 3406 Dominum

231 3437 402 3492 declaratur
437 3450 465 3493 et
498 3439 598 3512 quoad
632 3456 685 3494 sua
719 3437 826 3511 legalia
859 3456 893 3493 ac
914 3435 1081 3494 viudicialia
1114 3434 1216 3509 figuris

231 3523 417 3580 cessantibus
456 3523 612 3582 moraliter
651 3525 837 3599 explanatur.
877 3526 914 3580 Et
951 3524 992 3581 ita
1031 3524 1109 3581 sicut
1148 3540 1217 3580 aere

189 3610 376 3668 35evacuato
401 3631 417 3668 a
443 3610 546 3668 modio
574 3625 603 3668 et
631 3611 821 3669 subintrante
850 3612 948 3669 fructu
977 3610 1132 3669 salutifero
1156 3628 1216 3666 non

232 3696 363 3754 inanitur
388 3698 507 3755 modius
531 3700 583 3755 sed
607 3698 712 3774 pocius
737 3699 930 3774 adimpletur,
960 3698 1001 3757 ita
1026 3711 1069 3756 est
1093 3701 1130 3756 de
1154 3699 1217 3772 lege

232 3785 366 3842 blosaica
399 3786 610 3858 senciendum;
649 3800 677 3843 et
713 3806 781 3843 cum
815 3805 920 3843 omnes
959 3789 1107 3861 prophete
1144 3785 1217 3860 legis

231 3872 338 3928 veteris
363 3874 524 3930 adventum
549 3872 660 3931 Christi
677 3892 712 3931 ac
734 3873 797 3931 eius
813 3893 905 3949 opera
928 3873 1110 3945 cecinerunt,
1135 3885 1218 3947 patet

232 3961 313 4034 quod
337 3960 533 4035 adimplendo
556 3963 647 4018 verba
672 3979 777 4019 eorum
801 3980 863 4018 non
886 3961 973 4019 solvit
990 3980 1076 4018 suam
1100 3973 1218 4018 senten·

283 4178 302 4222 3.
319 4180 561 4242 llli:c‹»ttseqtrentet.
606 4182 628 4224 o.
645 4180 818 4225 Dsstutsicut.
850 4182 886 4241 ⁸8.
902 4178 991 4224 umet
1005 4180 1077 4224 deest.
1109 4180 1218 4242 'toliin

233 4244 318 4292 nint·=¹.3
335 4234 435 4276 llodtus.
465 4246 512 4297 ,¹92
522 4236 556 4277 A:
572 4235 703 4295 sunteius;
719 4233 749 4277 E:
765 4242 818 4277 sunt
833 4234 881 4295 bis.¹
918 4245 953 4277 20.
969 4232 1021 4277 DE:
1037 4234 1128 4277 celestis
1142 4231 1217 4281 deest:

232 4286 262 4343 rb.
278 4264 297 4327 i}
312 4298 334 4347 ῃ)
350 4285 512 4346 margnsslerr
527 4285 662 4341 prudencia.
704 4298 734 4331 21.
745 4286 798 4331 DE:
814 4292 989 4343 opprimuntur.
1030 4297 1063 4329 22.
1076 4285 1164 4345 ¹³5³&
1179 4284 1217 4328 lta.

232 4342 267 4378 ab.
285 4337 335 4381 bb:
351 4340 453 4399 glorian.
512 4338 614 4401 apul-MS:
629 4340 768 4384 accendente
782 4341 883 4383 lucerna.
944 4336 1218 4400 28.1)E:magn1hcare.

232 4400 268 4484 qq.
280 4392 320 4485 qlffl
327 4388 522 4496 ηᾞιᾳέἓηίιυῶἐὲ.
537 4390 555 4435 h
570 4404 593 4434 tn
608 4403 695 4449 marn:
710 4391 819 4449 Mosayca
833 4392 870 4436 lex
883 4404 925 4448 per
938 4390 1066 4436 Dominum
1082 4389 1218 4433 declaratur.

1280 3095 1381 3141 Cltrist‘s

1252 3150 1371 3194 l'ullilment
1388 3150 1411 3193 ol

1279 3202 1317 3245 tlte
1332 3202 1383 3245 law.
