3166 5212
153 477 192 532 ²4

166 648 254 691 Causas
268 649 295 691 of
307 649 344 690 tlte

220 701 291 756 ttighr.

590 471 758 523 sommus
772 471 909 523 wrcur
924 471 1117 524 sennortuu
1183 449 1298 538 [serito
1314 465 1354 509 ιν.

412 638 472 691 Nec
489 645 609 707 oportet
622 649 773 705 occupare
787 630 965 688 memoriam
980 649 1047 687 cum
1065 630 1201 688 ulteriori
1216 631 1356 703 genealo-

367 722 416 796 gia
433 740 548 777 eorum.
561 706 659 776 Causa
675 733 776 776 autem
795 717 882 774 huius
899 719 967 792 fuge
978 717 1091 775 Christi
1108 731 1171 775 erat
1189 717 1354 791 multiplex.

278 827 281 833 ·
368 808 468 884 primo
492 807 580 880 (sicut
604 805 677 863 dicit
701 804 901 878 evangelium)
930 818 963 861 ut
991 804 1209 880 adimpleretur
1239 804 1354 861 dictum

370 895 493 952 Domini
522 896 599 951 Osee
627 895 691 963 Xl⁰‚
722 912 750 948 r:
784 893 835 949 Ex
857 892 983 971 Egypto
1012 893 1114 949 vocavi
1126 893 1226 969 filium
1250 911 1354 948 meum.

369 986 431 1040 Nec
463 984 548 1038 obest
581 979 650 1037 huie
682 982 734 1036 sed
767 993 914 1036 consonat
946 981 1028 1053 quod
1062 980 1155 1036 multe
1188 978 1246 1036 alie
1270 983 1383 1036 erant3

370 1087 469 1139 cause,
494 1068 564 1144 quia
588 1067 665 1125 sicut
688 1080 797 1124 natura
813 1066 907 1123 utitur
924 1069 1030 1123 eodem
1048 1085 1163 1141 organo
1180 1085 1236 1141 pro
1254 1065 1357 1122 multis

369 1155 487 1226 officiis,
526 1154 569 1212 sic
607 1153 736 1229 Spiritus
775 1156 903 1211 Sanctus
941 1168 1048 1211 onerat
1085 1156 1176 1211 verba
1208 1152 1357 1228 scripture

371 1243 473 1301 multis
496 1241 666 1299 sentenciis.
700 1244 812 1298 Dentes
840 1240 920 1298 enirn
949 1243 1116 1298 secundum
1140 1240 1356 1316 philosophum

370 1329 492 1388 formati
516 1343 585 1385 sunt
609 1331 648 1386 ad
671 1329 903 1398 comedendum,
928 1330 966 1385 ad
985 1328 1137 1385 contraria
1154 1330 1357 1385 amovendum

371 1431 399 1475 et
427 1417 458 1474 in
487 1416 610 1473 homine
638 1418 675 1473 ad
704 1417 900 1491 loquendum.
934 1418 1015 1489 Fuga
1044 1415 1123 1472 enim
1153 1414 1184 1472 in
1208 1418 1357 1490 Egyptum
1374 1436 1405 1470 ro

371 1503 571 1579 exemplificat
595 1503 660 1561 aliis
685 1517 717 1559 ut
741 1521 772 1559 se
795 1504 978 1577 quandoque
996 1504 1185 1559 abscondant
1200 1515 1357 1577 tamquam

370 1591 473 1663 nescii,
503 1610 571 1648 cum
596 1589 743 1647 Dominus
767 1589 809 1647 ita
833 1589 912 1647 fecit.
938 1593 975 1646 Et
998 1593 1130 1647 secunda
1154 1608 1245 1647 causa
1270 1592 1359 1647 datur

346 1670 350 1677 ’
371 1693 403 1735 ut
426 1678 547 1753 utrique
571 1691 710 1753 parentes
735 1690 763 1733 et
788 1690 884 1733 totum
909 1696 1002 1752 genus
1026 1677 1183 1734 hominurn
1209 1677 1359 1751 exempla·

155 1955 257 2000 llerod's
272 1966 350 2010 anger.

371 1780 472 1823 torum
512 1764 666 1822 meritorie
705 1778 890 1838 cognoscant
926 1766 1081 1839 quomodo
1118 1764 1148 1820 iu
1185 1764 1276 1820 simili
1315 1776 1359 1820 est

372 1854 533 1928 agendum.
1375 1856 1405 1905 ri

416 1944 448 1996 ln
482 1939 575 1997 tercia
612 1957 683 1995 vero
716 1952 801 2013 parte
840 1937 984 2013 evangelii
1022 1950 1163 1996 narratur
1203 1940 1360 2012 quomodo

373 2029 509 2084 Herodes
533 2039 677 2100 reputans
701 2045 732 2082 se
756 2025 877 2082 illusum
902 2044 919 2082 a
949 2025 1044 2099 magis
1068 2025 1162 2082 iratus
1191 2039 1234 2082 est
1262 2026 1359 2082 valde.

373 2113 468 2171 Finxit
492 2112 571 2170 enim
597 2112 745 2170 fallaciter
768 2132 799 2170 se
824 2131 887 2169 esse
916 2115 1114 2170 adoraturum
1143 2131 1244 2187 regem
1269 2131 1359 2187 quem

373 2200 453 2275 magi
478 2202 644 2272 coluerant,
668 2199 711 2257 sic
735 2213 837 2257 tamen
857 2202 939 2274 quod
961 2200 1028 2274 ipso
1049 2203 1177 2256 adorato
1195 2199 1359 2257 reveniant.

373 2288 479 2344 lllusus
508 2287 630 2363 quidem
659 2307 713 2362 per
740 2306 827 2344 suum
856 2288 1018 2361 dyabolum
1048 2287 1231 2344 illudebatur
1264 2286 1360 2343 eciam
1374 2305 1409 2340 ιο

373 2375 534 2432 occasione
557 2377 718 2431 verborum
744 2393 847 2448 regum
873 2374 1011 2445 istorum,
1040 2374 1111 2449 quia
1135 2374 1212 2432 sicut
1239 2391 1361 2431 necesse

374 2475 417 2519 est
442 2463 524 2537 quod
548 2462 711 2518 timentibus
736 2463 829 2518 Deum
854 2462 949 2518 omnic
973 2474 1166 2539 cooperentur
1194 2463 1221 2517 in
1245 2462 1362 2529 bouum,

374 2549 416 2607 sic
440 2567 561 2606 necesse
585 2562 628 2605 est
652 2550 734 2624 quod
757 2548 861 2606 omnia
890 2549 1132 2622 apostatantibus
1161 2561 1362 2623 cooperentur

373 2636 405 2693 in
430 2638 554 2694 malum.
622 2645 625 2650 “

157 2742 220 2798 why
236 2749 282 2785 two
296 2754 363 2798 years
418 2723 486 2781 Fuit
509 2737 610 2781 autem
636 2722 764 2780 faciliter
789 2736 970 2797 provocatus
994 2722 1136 2793 adirem,
1163 2721 1234 2797 quia
1251 2736 1363 2795 stuppa
1377 2724 1409 2775 25

175 2807 235 2837 were
249 2794 346 2837 allowed

175 2848 198 2891 iu
213 2847 294 2902 killiug
308 2847 346 2890 the

215 2900 308 2943 infants.

374 2829 432 2886 que
456 2823 499 2867 est
521 2811 566 2867 fex
588 2810 713 2867 ecclesie
736 2809 864 2867 faciliter
886 2809 1072 2867 accenditur.
1097 2813 1134 2865 Et
1158 2809 1227 2866 hinc
1250 2807 1363 2865 occidit

374 2897 405 2955 in
429 2897 582 2955 Bethleem
608 2911 636 2955 et
661 2897 691 2953 in
716 2911 780 2954 tota
804 2897 903 2972 patria
932 2896 1088 2954 adiacente
1117 2915 1223 2954 omnes
1251 2914 1362 2970 pueros

375 2987 411 3042 de
435 3004 452 3042 a
476 2983 593 3041 bimatu
621 2998 649 3041 et
682 2985 768 3054 infra,
803 2983 875 3059 quia
906 2983 985 3041 illius
1019 2984 1106 3041 etatis
1139 2982 1266 3040 credidit
1299 3001 1362 3039 esse
1436 2976 1439 2980 Δ

373 3074 489 3141 Jesum;
522 3091 592 3129 nam
623 3079 667 3140 (ut
691 3071 888 3146 probabiliter
912 3070 1065 3145 opinatur)
1090 3073 1226 3128 Herodes
1250 3070 1361 3127 citatus

374 3161 412 3216 ad
438 3161 565 3216 Romam
591 3159 670 3233 cepit
693 3158 750 3215 iter
773 3158 874 3215 statim
900 3173 968 3232 post
992 3158 1204 3233 Epiphaniam.
1233 3170 1261 3213 et
1289 3156 1362 3232 quia
1374 3162 1410 3213 30

375 3245 454 3320 magi
478 3264 541 3303 non
564 3260 740 3303 revenerant
763 3259 795 3302 ut
820 3245 984 3316 mandavit,
1009 3265 1044 3302 eo
1061 3248 1143 3320 quod
1160 3244 1298 3301 instructi
1322 3246 1360 3300 ab

374 3334 481 3407 angelo
505 3333 709 3408 repatriarunt
733 3331 763 3388 in
788 3332 864 3390 mari
887 3333 1038 3402 Tarsensi‚
1063 3352 1131 3390 curn
1155 3345 1298 3388 venerant
1322 3333 1360 3389 ad

374 3420 447 3477 illud
460 3438 552 3490 mare,
564 3420 633 3477 fecit
644 3438 733 3477 naves
745 3418 981 3490 comburi‚iuxta
991 3419 1065 3476 illud
1074 3421 1319 3490 Psalm.XLVll⁰,
1328 3425 1360 3475 8:

427 3651 442 3681 r.
458 3639 492 3681 A:
510 3637 559 3680 Nec
573 3639 639 3681 valet.
703 3649 722 3680 2.
738 3638 756 3680 E
770 3638 792 3680 iu
809 3648 895 3691 marra:
912 3636 987 3679 Causa
1001 3638 1054 3691 fuge
1069 3636 1155 3679 Christi
1172 3637 1213 3680 t'uit
1229 3637 1361 3691 multiplex:

376 3690 393 3733 D
410 3690 432 3733 in
448 3702 498 3733 mar
516 3705 534 3732 .:
549 3690 613 3745 Fuga
628 3689 715 3733 Christi
731 3701 802 3744 quare
816 3689 867 3732 fuit.
925 3687 944 3732 3.
961 3691 982 3732 A
996 3689 1019 3731 in
1036 3700 1121 3743 marg-r
1139 3701 1154 3731 r.
1215 3703 1238 3742 4.
1255 3689 1305 3731 DE:
1322 3701 1363 3729 vo-

374 3743 443 3803 cabo..
500 3702 519 3786 ἕ.
536 3742 558 3785 in
570 3755 647 3802 marg.
663 3755 727 3797 sup:
744 3741 808 3785 Sicut
824 3749 904 3784 tratura
919 3741 991 3784 utitur
1005 3741 1087 3801 eodem
1103 3741 1209 3800 membro
1225 3753 1267 3795 pro
1281 3740 1362 3800 multis

374 3794 465 3847 officiis,
485 3807 519 3837 sic
534 3794 636 3850 Spiritus
651 3795 675 3840 S.
695 3800 774 3837 onerat
793 3794 862 3837 verba
882 3793 951 3836 unius
970 3800 993 3836 et
1011 3793 1114 3836 eiusdem
1135 3800 1248 3852 scripture
1263 3793 1363 3835 diversis

375 3847 507 3890 sentenciis.
575 3860 595 3907 7.
610 3848 645 3890 A:
661 3846 760 3891 Sanetus
776 3846 846 3889 deest.
910 3845 931 3888 8.
946 3845 965 3889 E
979 3846 1002 3888 in
1018 3858 1103 3900 marga
1120 3844 1229 3888 Officium
1245 3845 1361 3888 dencium.

375 3911 405 3942 12.
420 3899 472 3942 DE:
488 3899 554 3951 lacit;
575 3900 606 3943 rb.
622 3898 673 3941 DE:
689 3899 772 3953 tercia;
794 3899 825 3941 ib.
841 3899 863 3942 A
877 3899 900 3940 in
916 3910 1002 3952 marre:
1018 3909 1038 3940 2.
1096 3907 1097 3911 ’
1137 3895 1166 3940 13.
1181 3899 1215 3941 A:
1232 3905 1308 3940 utrum
1326 3905 1362 3942 ut:

374 3951 405 3994 ib.
421 3950 452 3995 E:
468 3959 603 4006 parentum
626 3952 655 3993 ib.
671 3953 705 3994 A:
721 3951 857 3993 humanum.
926 3949 958 3993 16.
973 3952 995 3993 A
1010 3950 1032 3992 io
1049 3962 1134 4004 marga
1151 3948 1181 4002 C;
1202 3950 1221 3992 D
1237 3951 1259 3992 in
1276 3961 1361 4003 marga

376 4002 460 4046 Tereia
476 4015 537 4058 pars.
618 4002 648 4046 18.
665 4003 811 4046 lllizFinxit
825 4010 913 4047 autem:
937 4002 967 4045 ib.
983 4001 1034 4045 DE:
1052 4016 1076 4044 se
1090 4014 1151 4044 eum.
1231 4003 1361 4044 21.A:rel

377 4056 507 4098 occasione.
576 4067 609 4098 22.
624 4055 729 4098 Rectius:
745 4055 894 4109 diligentibus
909 4055 991 4097 Deum.
1060 4055 1091 4097 25.
1107 4054 1126 4095 l)
1142 4054 1164 4095 in
1181 4067 1266 4108 maru:
1284 4054 1363 4107 Quare

378 4108 449 4163 aliqui
464 4108 510 4150 cito
525 4106 547 4149 iu
564 4108 621 4149 iram
638 4108 800 4153 incenduntur.
821 4107 860 4161 qui
882 4118 904 4149 re
924 4107 974 4149 robi
995 4107 1053 4150 sicut
1072 4113 1157 4161 stuppa
1177 4114 1198 4148 et
1218 4109 1253 4149 tex
1269 4106 1364 4148 ecclesie

378 4159 424 4202 cito
435 4160 597 4222 irreerrduntur.
648 4159 683 4202 26.
695 4162 729 4203 A:
746 4161 780 4202 lex
796 4160 890 4202 ecclesie
905 4120 932 4219 ge
948 4160 999 4202 levi.
1046 4159 1130 4218 Ι28.1ι;
1146 4159 1209 4211 a(lt:
1226 4159 1263 4218 ab)
1275 4159 1362 4218 binatu.

378 4210 671 4265 2.leinmarg.:N0ta.
758 4211 790 4256 32.
806 4211 857 4255 DE:
874 4224 924 4254 narr
941 4210 1060 4255 Tarseust.
1147 4210 1308 4261 33.1r:raerr;
1330 4212 1361 4253 rb.

379 4264 399 4308 X
420 4263 464 4307 Vll
478 4263 553 4314 deest;
570 4266 658 4306 lacuna.

430 4419 469 4454 υ.
491 4405 568 4456 Rom.
582 4405 648 4467 Vlll,
669 4407 711 4457 28.
