3166 5212
208 422 311 468 semro
325 408 376 498 tn]
557 431 718 483 SECUNDA
738 430 832 481 PARS.

200 590 327 646 noticia?
351 590 434 647 Licet
450 588 528 645 enim
547 592 626 647 Deus
651 608 684 647 ex
707 590 922 648 omnisciencia
945 611 998 648 sua
1023 603 1186 665 cognoseat

200 677 332 750 singulas
355 676 505 746 veritates,
531 691 633 735 tamen
661 698 753 752 parva
783 693 811 734 et
835 678 960 735 remissa
984 676 1185 752 apprehensio

199 764 323 821 viatoris
345 766 382 820 ad
405 783 544 837 magnam
566 764 611 820 sui
634 765 797 822 utilitatem
818 764 938 838 ignorat
955 764 1096 839 plurima,
1116 783 1186 821 cum

201 852 294 907 multa
311 853 470 925 nephanda
489 853 643 908 noscendo
666 871 699 908 ex
721 852 873 926 pronitate
894 871 948 908 sua
970 864 1020 908 aut
1043 865 1187 925 operatur

175 943 251 994 haut
273 937 457 1012 perpetrabit
479 937 594 994 facinus
615 938 660 994 vel
684 938 824 995 obmittet
842 941 923 1012 quod
941 939 1017 995 foret
1034 937 1187 1012 pertinens

200 1027 238 1080 ad
267 1023 507 1098 complecionem
535 1024 580 1080 sui
609 1024 701 1081 officii
734 1044 788 1100 pro
813 1025 983 1082 edificanda
1007 1024 1133 1081 ecclesia
1157 1037 1186 1080 et

200 1111 385 1168 beatitudine
413 1110 607 1185 acquirenda.
633 1114 712 1168 Deus
734 1124 835 1169 autem
858 1131 892 1168 ex
908 1111 1111 1168 immensitate
1134 1128 1186 1167 sue

199 1197 328 1254 sciencie
352 1212 380 1254 et
404 1197 658 1272 impeccabilitate
682 1217 734 1255 sue
758 1198 869 1255 noticie
893 1197 1048 1272 cognoscit
1073 1197 1186 1268 omnia,

134 1331 136 1334 Α
199 1285 275 1341 sicut
299 1284 378 1341 beati
404 1298 586 1359 cognoscent
610 1285 640 1341 in
666 1285 774 1359 patria.
805 1288 842 1341 Et
866 1285 946 1342 idem
970 1300 1014 1341 est
1038 1284 1184 1341 iudicium
1234 1290 1365 1368 αετιξειῐξκ

161 1374 235 1428 rode
259 1391 336 1428 vana
360 1371 534 1429 curiositate
559 1373 781 1446 theologorum,
807 1392 935 1446 quorum
961 1371 1002 1428 hii
1027 1374 1186 1429 attendunt
1207 1344 1352 1438 refinbiiiiiiis
1367 1397 1389 1436 ot

199 1461 236 1515 ad
265 1459 455 1532 genealogias
485 1458 615 1531 inutiles,
644 1459 685 1515 hii
714 1462 753 1517 ad
777 1459 914 1517 cronicas
939 1473 966 1515 et
990 1459 1107 1516 fabulas
1131 1458 1186 1514 im·
1223 1447 1376 1502 ⁸¹¹⁰⁰¹⁰gl³⁰⁵¹

199 1545 387 1618 pertinentes
413 1560 441 1602 et
466 1546 507 1602 hii
532 1549 570 1603 ad
599 1546 780 1604 subtilitates
804 1559 1054 1621 argumentorum
1083 1563 1186 1621 super-

200 1633 285 1702 fluas;
319 1652 351 1689 ex
385 1633 493 1708 quibus
526 1635 664 1692 tardatur
696 1634 810 1691 fructus
843 1633 988 1709 sequendi
1021 1633 1184 1689 Christum.

200 1722 269 1776 ldeo
293 1720 416 1777 cuilibet
440 1721 493 1777 tali
517 1721 678 1778 dicendum
704 1735 756 1777 est:
790 1720 870 1798 Quid
892 1722 931 1776 ad
954 1731 990 1791 te,
1018 1733 1050 1775 ut
1080 1719 1186 1776 melius

159 1808 333 1881 risequaris
366 1809 505 1864 salutem.
545 1811 582 1864 Et
614 1807 657 1864 sic
686 1808 785 1881 prima
813 1806 1005 1882 culpabilitas
1033 1805 1185 1863 viatorum

201 1908 244 1949 est
269 1893 300 1949 in
326 1893 451 1951 mentali
475 1894 733 1951 consideracione.

181 2043 184 2048 Δ
242 1982 300 2036 Sed
334 1983 466 2037 secunda
501 1983 546 2052 (ut
575 1981 689 2037 dictum
719 1980 776 2058 est)
810 1978 983 2055 prorumpit
1016 1997 1048 2035 ex
1076 1977 1185 2036 affectu
1263 1984 1325 2063 ¹Fuit,
1401 2040 1403 2045 y

199 2066 361 2123 coniuncto
384 2066 552 2123 intellectui
579 2067 610 2123 in
638 2067 754 2141 vulgari
779 2066 1021 2123 conversacione.
1053 2045 1358 2144 1nvenies⁶⁰¹¹ssssj⁸52lss¹¹
1377 2042 1400 2079 ⁰⁸

198 2153 319 2227 quidem
342 2167 465 2210 vocatos
488 2156 678 2228 presbyteros
703 2153 786 2210 omni
811 2172 919 2227 genere
942 2152 1133 2209 scurrilitatis
1157 2166 1185 2209 et

155 2240 394 2297 20tmmundieie
412 2254 634 2310 conversantes,
659 2240 736 2297 sicut
752 2253 836 2314 patet
853 2259 885 2297 ex
903 2239 1013 2297 tribus:
1039 2239 1138 2314 primo
1155 2239 1185 2295 in

200 2329 256 2383 hoc
280 2330 362 2401 quod
386 2341 455 2384 sunt
480 2328 575 2402 magis
600 2327 701 2385 callidi
726 2327 802 2383 inter
823 2346 929 2384 omnes
952 2340 1135 2383 mercatores
1157 2338 1185 2383 et

198 2414 277 2469 istud
295 2414 429 2470 officium
448 2417 614 2471 secundum
627 2413 847 2471 Crisostomum
865 2433 926 2470 non
942 2426 1040 2488 potest
1055 2413 1152 2470 eciam
1168 2432 1185 2470 a
1209 2431 1234 2461 as
1249 2420 1389 2470 marchenis,

199 2500 282 2557 laicis
304 2501 528 2576 inculpabiliter
551 2500 694 2571 exerceri;
716 2503 849 2558 secundo
872 2500 902 2556 in
924 2503 981 2557 hoc
1003 2503 1083 2575 quod
1101 2498 1185 2556 omni

198 2607 307 2660 genere
336 2587 479 2645 secularis
509 2588 601 2645 officii
631 2589 661 2644 in
691 2588 831 2645 domibus
860 2607 963 2662 regum
998 2601 1027 2644 et
1055 2587 1184 2645 aliorum
1235 2595 1365 2669 assecutor

157 2675 399 2732 aimundialium
421 2689 619 2750 occupantur.
649 2679 685 2731 Et
706 2689 822 2732 certum
844 2689 887 2731 est
905 2676 986 2750 quod
1008 2674 1110 2731 necin
1128 2676 1185 2731 hoc
1248 2646 1348 2701 ⁰ffi²⁰f⁸’

198 2777 339 2818 secuntur
364 2763 518 2818 Christum
543 2762 593 2837 qui
617 2782 680 2819 non
704 2761 802 2836 potuit
826 2761 927 2819 taliter
951 2760 1105 2836 occupari,
1129 2779 1185 2818 nec

199 2863 242 2904 est
275 2863 359 2905 tanta
387 2849 540 2924 capacitas
569 2848 599 2905 in
628 2848 669 2906 eis
699 2848 771 2923 quin
801 2848 941 2905 distrahit
969 2867 986 2904 a
1016 2847 1185 2905 ministerio

198 2938 279 3010 quod
312 2938 421 2992 debent
453 2938 620 2993 secundum
648 2949 760 2992 statum
790 2955 877 2992 suum
907 2939 971 2992 Deo
999 2934 1184 3010 impendere.

199 3025 268 3079 Ideo
298 3042 315 3078 a
344 3022 479 3097 quolibet
508 3023 560 3079 tali
591 3023 689 3097 querit
713 3022 864 3079 Christus:
894 3023 972 3091 Quid
999 3023 1039 3077 od
1061 3033 1088 3079 te
1116 3021 1185 3078 talis

156 3112 187 3161 30
199 3109 366 3182 occupatio
384 3123 423 3182 ¹ut
448 3128 495 3165 me
519 3109 654 3184 sequaris
679 3110 827 3184 apercius,
853 3123 881 3166 et
906 3128 973 3165 cum
998 3128 1060 3165 non
1083 3111 1184 3166 subest

198 3196 354 3254 excusacio
378 3215 439 3253 non
462 3211 598 3271 superest
622 3197 678 3253 nisi
703 3210 911 3271 apostatarum
930 3196 1122 3269 dampnacio.
1147 3199 1184 3252 Et

197 3283 291 3339 tercio
321 3283 350 3338 in
380 3285 436 3340 hoc
460 3286 541 3359 quod
566 3284 596 3339 in
620 3286 710 3340 rebus
735 3282 849 3340 bellicis
872 3297 940 3338 sunt
965 3282 1130 3339 consiliarii
1154 3296 1183 3339 et
1219 3292 1376 3334 aswurriors.

199 3371 242 3440 (ut
261 3372 454 3444 pretendunt)
481 3373 571 3427 duces
595 3370 777 3426 bellancium
801 3369 947 3426 ordinarii
972 3388 1007 3426 ac
1031 3369 1125 3426 tercio
1150 3388 1184 3425 ex

198 3457 340 3513 instinctu
369 3456 446 3530 regis
475 3457 614 3531 superbie
638 3470 841 3532 prorumpunt
867 3457 895 3512 in
920 3456 1180 3531 perpetracionem

154 3547 280 3600 linctus
304 3542 421 3600 nefarii.
446 3543 602 3619 Numquid
625 3545 700 3601 tales
724 3564 785 3601 non
809 3558 877 3600 sunt
902 3542 1089 3617 irregulares,
1114 3561 1181 3599 cum

196 3645 265 3687 ante
282 3631 509 3705 suscepcionem
526 3630 641 3688 ordinis
658 3632 739 3688 solus
751 3650 915 3688 consensus
929 3630 1181 3704 irregularitatem

249 3903 391 3945 r.ll:euim
407 3902 469 3945 Deus
484 3902 556 3945 deest.
618 3916 641 3955 4.
657 3902 709 3946 DE:
726 3914 792 3945 sunm
809 3903 836 3945 ad
852 3915 948 3958 operam
963 3903 1006 3946 vel.
1069 3903 1181 3957 7.A:ex

195 3954 266 3996 deest.
338 3956 359 4005 tl,
376 3967 398 4006 o.
414 3955 446 3996 A:
463 3954 654 4008 impeccabilitate
668 3980 693 3985 -
708 3955 767 3997 sicut
781 3955 852 3997 deest.
927 3968 948 4010 9.
964 3955 1015 3997 uti:
1031 3966 1058 3996 co
1076 3963 1181 3998 noscunt.

196 4019 226 4047 ro.
252 4008 273 4048 Α
296 4007 318 4048 iu
344 4018 429 4058 tuing:
455 4007 541 4048 Contra
564 4009 671 4050 curiosos
695 4008 827 4059 theologos;
859 4007 876 4048 o
902 4008 923 4050 iu
949 4020 1034 4059 marg:
1082 4007 1149 4049 heolo
1167 4009 1181 4050 i.

196 4058 224 4101 15.
236 4059 254 4100 h
267 4060 288 4100 iu
302 4071 386 4111 marg:
403 4058 577 4101 (loitsideraciu
593 4058 740 4106 Secundum:
755 4061 775 4101 Α
792 4060 814 4102 iu
831 4072 881 4102 mar
898 4075 916 4102 .:
933 4071 952 4101 a.
1009 4059 1039 4107 18,
1052 4072 1083 4114 ¹9-
1095 4060 1128 4102 A:
1157 4074 1182 4102 u-

107 4140 114 4159 .
195 4111 380 4166 teuc-squidem.
437 4111 679 4171 noltiumurgzt.
735 4114 850 4154 at.A:et
867 4073 1007 4163 ttihmhtt:
1024 4111 1084 4154 istud
1100 4111 1181 4154 eciurn.

195 4175 227 4204 aa.
245 4166 275 4205 tl:
293 4164 419 4206 ¹secutulum
437 4164 587 4216 husehuum3
610 4165 640 4206 rh.
657 4165 690 4206 h:
707 4176 753 4205 nou
770 4172 856 4217 posset.
938 4162 1181 4206 23.tttn1uar.:2.

195 4216 441 4270 aununtiate-st.
490 4217 760 4259 eu.Azecittuttnliter.
809 4215 1052 4259 muthirneudere.
1100 4176 1181 4258 iiuA:

195 4268 301 4326 aper-ctus
312 4269 387 4321 deest,
403 4270 433 4310 ib.
445 4270 478 4311 A:
496 4281 542 4310 uon
553 4269 639 4311 subest.
690 4267 718 4310 31.
731 4270 764 4310 h:
782 4269 808 4310 tn
822 4268 937 4319 secundm
953 4268 983 4310 ib.
997 4267 1014 4308 h
1026 4268 1048 4309 iu
1061 4280 1146 4325 marg:
1162 4266 1181 4309 3.

195 4318 226 4362 3).
242 4321 275 4361 A:
293 4321 430 4374 ttoudees13
453 4321 482 4362 ib.
500 4321 518 4362 lt
534 4320 556 4362 iu
573 4333 657 4374 marg:
676 4320 834 4373 ltregulnritus
850 4320 1005 4362 sacerdotum.
1095 4319 1131 4362 30.
1147 4321 1181 4362 A:

196 4373 260 4414 solus
275 4372 346 4415 deest.

1042 4443 1078 4495 2*
