3166 5212
162 495 272 540 ..sunno
288 477 348 566 tu]
522 501 683 553 SECUNDA
704 501 800 553 PARS.
830 515 832 518 ⁴

546 762 692 825 SERMO
718 764 782 826 LX.

210 922 451 979 Recumbentibus
479 923 609 979 undecim
639 923 788 999 discipulis
815 925 954 1000 apparuit
984 925 1042 980 illis
1064 924 1157 981 lesus.

168 1008 262 1065 Marci
287 1009 395 1066 ultimo
421 1011 525 1080 (XVl⁰‚
548 1016 609 1080 14).

211 1098 289 1152 Ante
317 1095 524 1154 ascensionem
548 1098 727 1154 valefaciens
755 1098 817 1154 suis
842 1097 997 1171 discipulis
1022 1098 1103 1172 ipsos
1128 1098 1157 1153 in
1182 1109 1293 1164 spiritual
1309 1111 1365 1153 tood

146 1182 227 1240 §fide
265 1197 293 1239 ct
328 1203 383 1240 suo
423 1183 524 1240 officio
563 1184 745 1242 informavit.
784 1185 933 1260 Apparuit
965 1198 1066 1241 autem
1099 1183 1158 1241 illis
1200 1163 1345 1270 irgssonfffieoe

169 1270 414 1328 recumbentibus
448 1272 485 1328 ad
521 1272 687 1328 notandum
722 1273 804 1346 quod
839 1272 869 1328 in
903 1290 994 1346 opere
1029 1272 1158 1328 maxime
1195 1267 1353 1324 rbunuoutty.

169 1357 282 1414 carnali
320 1359 429 1415 debent
462 1359 498 1414 de
537 1357 602 1432 ipso
635 1361 769 1416 recolere
806 1373 835 1416 et
868 1361 934 1433 plus
966 1360 1004 1415 ad
1036 1372 1156 1433 pastum

168 1443 291 1518 spiritus
313 1444 357 1501 sui
375 1463 466 1519 quam
488 1447 526 1501 ad
547 1459 667 1520 pastum
685 1447 876 1521 corporalem
894 1447 1064 1509 attendere;
1089 1445 1158 1503 ideo

169 1531 306 1589 Christus
325 1532 463 1604 (Matthei
481 1533 545 1602 lV0,
562 1538 593 1605 4)
617 1532 647 1589 in
664 1534 763 1606 prima
780 1532 985 1607 temptacione
1002 1533 1158 1607 respondit

129 1619 304 1676 rodiabolo:
330 1638 386 1674 non
409 1619 437 1674 in
461 1620 523 1675 solo
542 1637 621 1694 pane
644 1620 713 1676 vivit
736 1622 822 1677 homo
845 1621 896 1676 sed
919 1620 946 1675 in
971 1620 1049 1676 omni
1072 1621 1158 1676 verbo

168 1708 244 1781 quod
253 1707 388 1781 procedit
403 1707 439 1761 ab
456 1724 508 1762 ore
517 1706 582 1762 Dei.
601 1708 709 1764 Pastas
726 1707 805 1766 enim
825 1707 991 1781 corporalis
1008 1708 1157 1763 humanus

167 1811 227 1849 non
262 1807 306 1850 est
343 1792 424 1849 utilis
457 1792 513 1849 nisi
548 1795 584 1849 de
613 1808 727 1868 quanto
756 1795 937 1868 disposuerit
967 1795 1005 1850 ad
1038 1807 1156 1868 pastum

167 1880 277 1949 anime,
312 1880 380 1937 ideo
409 1879 546 1938 Christus
580 1893 699 1954 pastum
736 1880 909 1937 huiusmodi
944 1881 1156 1955 postponebat.

168 1970 235 2024 Non
260 1967 339 2024 enim
365 1968 431 2041 lego
456 1970 538 2042 quod
563 1966 645 2042 pavit
669 1969 814 2044 populum
840 1982 928 2043 pastu
952 1966 1076 2042 proprio
1100 1966 1157 2022 nisi

128 2054 212 2112 ribis
245 2067 274 2111 et
307 2053 336 2110 in
370 2068 499 2129 utroque
531 2053 601 2111 licet
634 2055 814 2113 miraculose
844 2055 916 2112 satis
945 2053 1156 2112 communiter.

110 2203 119 2215 ¹
168 2145 243 2197 Nam
273 2143 426 2215 pascendo
450 2140 583 2216 quinque
612 2141 706 2199 millia
729 2141 939 2199 famelicorum
965 2144 1001 2198 de
1025 2141 1158 2215 quinque

98 2201 296 2321 {3⁰2¹Jpanibus
323 2229 479 2285 ordeaceis
511 2241 539 2285 et
568 2228 672 2302 paucis
693 2222 697 2310 Ι
718 2228 871 2303 pisciculis
898 2248 960 2285 non
984 2229 1051 2302 lego
1075 2229 1157 2303 quod

167 2314 304 2389 pluribus
328 2315 448 2372 ferculis
476 2315 544 2371 illos
573 2315 655 2389 pavit
678 2334 733 2372 nec
759 2315 859 2390 posuit
883 2333 934 2372 eos
958 2317 996 2372 ad
1021 2331 1156 2371 mensam

166 2403 212 2458 vel
236 2402 371 2459 tabulam
396 2405 447 2459 sed
471 2401 541 2458 fecit
571 2420 621 2458 eos
650 2402 840 2460 discumbere
868 2421 958 2476 super
986 2415 1096 2472 terras3
1121 2402 1158 2458 de

123 2512 155 2547 ιο
167 2489 278 2562 poculo
302 2503 404 2546 autem
428 2508 489 2546 non
514 2489 581 2562 lego
605 2489 662 2546 nisi
687 2492 723 2546 de
747 2488 898 2564 probabili
922 2489 999 2545 foret
1022 2507 1111 2563 aqua,
1130 2502 1157 2545 et

165 2575 208 2632 sic
221 2578 258 2632 de
280 2575 346 2633 aliis
364 2575 604 2633 circumstanciis
621 2578 659 2633 ad
671 2595 745 2651 quas
762 2596 779 2633 a
796 2575 958 2633 mundanis
975 2575 1005 2632 in
1022 2574 1158 2650 prandiis

166 2662 256 2719 lautis
290 2662 465 2719 attenditur.
510 2665 546 2719 Et
578 2661 658 2719 idem
695 2677 739 2720 est
775 2662 920 2720 iudicium
954 2664 991 2719 de
1023 2664 1157 2719 secundo

166 2749 303 2806 convivio
332 2751 516 2807 miraculoso
541 2750 652 2808 Christi
681 2769 741 2825 quo
771 2768 803 2806 ex
831 2763 946 2823 septem
976 2748 1104 2823 panibus
1128 2761 1156 2806 ct

166 2838 284 2893 duobus
314 2836 446 2911 piscibus
470 2837 696 2894 remanentibus
720 2838 750 2895 in
774 2849 903 2912 utroque
927 2836 1064 2893 convivio
1088 2849 1157 2910 post

124 2925 352 2998 25completum
393 2924 573 2982 miraculum
615 2925 716 2981 multis
750 2924 884 2999 reliquiis
917 2925 1155 2998 fragmentorum

165 3013 213 3079 (de
234 3011 344 3086 quibus
361 3011 455 3068 Marci
472 3013 527 3067 Vl⁰
545 3026 573 3068 et
589 3013 693 3084 V1110).
726 3014 802 3069 Cum
819 3011 898 3068 enim
918 3011 978 3068 talc
994 3011 1155 3084 prandium

166 3098 373 3155 introductum
396 3113 439 3155 est
460 3097 491 3154 in
512 3117 622 3172 penam
645 3098 761 3173 peccati
784 3111 852 3172 post
868 3099 986 3171 lapsum
1009 3110 1037 3153 et
1059 3098 1157 3154 multa

166 3185 318 3259 superflua
331 3184 482 3258 gentilitas
496 3186 666 3256 adinventa,
679 3185 891 3242 inconveniens
902 3185 978 3240 foret
989 3186 1154 3241 secundum

166 3285 316 3329 servatum
351 3285 462 3329 statum
497 3273 675 3330 innocencie
706 3274 744 3329 ad
779 3272 835 3328 ista
869 3270 959 3328 nimis
988 3273 1155 3328 attendere.

123 3364 156 3414 30
167 3361 242 3415 Nam
269 3360 298 3415 in
322 3373 402 3415 statu
426 3359 603 3417 innocencie
626 3379 688 3417 non
709 3358 812 3416 fuisset
828 3357 989 3433 prandium
1014 3372 1153 3432 paratum
1218 3368 1324 3430 Cooking

167 3448 300 3503 humano
338 3445 477 3515 artificio,
515 3449 566 3503 sed
604 3449 702 3503 solum
742 3448 823 3521 quod
863 3459 970 3502 natura
1008 3447 1045 3502 de
1077 3422 1372 3517 terre¹¹¹¹k¹fflss22¹i¹h⁰

166 3533 313 3589 fructibus
335 3535 391 3589 hoc
412 3533 594 3608 preparavit.
624 3537 685 3590 Nec
707 3533 832 3590 dubium
850 3532 923 3608 quin
944 3531 992 3589 isti
1014 3533 1152 3590 undecim
1203 3525 1337 3569 i¹¹¹¹⁰⁰⁰¹¹“·

166 3620 296 3694 apostoli
318 3622 440 3677 absente
457 3620 597 3678 Scarioth
619 3620 677 3677 iam
700 3639 846 3695 suspenso
862 3620 935 3678 satis
952 3619 1156 3677 communiter

166 3721 194 3764 et
216 3706 349 3764 honestis
367 3707 606 3765 circumstanciis
624 3709 834 3778 comedebant,
858 3710 909 3765 sed
935 3707 1013 3764 sicut
1039 3721 1155 3765 certum

124 3799 154 3850 35
166 3808 210 3851 est
234 3795 316 3869 quod
341 3795 530 3869 prandebant
554 3796 719 3850 secundum
744 3814 831 3851 usum
861 3795 934 3852 satis
958 3795 1154 3865 laudabilem,

165 3881 208 3938 sic
241 3882 308 3956 plus
341 3895 457 3938 certum
492 3894 536 3938 est
568 3883 650 3956 quod
679 3895 806 3956 propter
835 3901 959 3940 causam
988 3882 1153 3940 notabilem

165 3967 223 4025 illis
244 3967 489 4026 recumbentibus
506 3967 642 4025 Christus
663 3968 813 4043 apparuit.
839 3971 925 4027 Unde
945 3969 1040 4026 tercia
1060 3986 1151 4025 causa

220 4166 234 4195 r.
250 4152 294 4195 Hic
309 4165 386 4195 scruto
401 4153 423 4195 in
439 4153 507 4195 codd.
520 4153 538 4195 l)
550 4160 570 4195 et
582 4153 600 4196 Ε
614 4153 689 4204 dccst;
706 4153 756 4195 loco
771 4153 836 4196 cuius
852 4164 973 4195 sermones
987 4152 1052 4194 Dixit
1061 4149 1154 4194 ttartta

166 4206 198 4247 ud
210 4205 287 4248 lesum
303 4212 325 4247 ct
336 4204 409 4248 Omne
423 4205 486 4261 quod
499 4205 541 4248 dat
554 4205 613 4248 milti
622 4210 692 4261 pater
711 4205 781 4264 (qnos
796 4206 855 4249 Cod.
872 4205 967 4248 Cambr.
1001 4210 1048 4247 artc
1063 4203 1096 4245 tv
1111 4204 1154 4245 sub

167 4269 256 4300 numm.
272 4268 284 4300 2
298 4264 320 4299 ut
335 4270 352 4300 tr
369 4258 445 4310 babet)
459 4257 496 4299 liic
511 4257 626 4309 inveniam
648 4258 677 4300 ib.
693 4257 715 4300 A
731 4269 753 4299 rn
769 4270 853 4312 muru:
870 4258 954 4300 Sermo
969 4256 987 4298 Ι,
1000 4256 1016 4298 ’.
1084 4267 1104 4310 7.
1120 4256 1154 4298 A:

167 4309 352 4363 potumiucod.
407 4309 671 4365 29.C0d.:srrvatcnt.
1229 4316 1233 4324 “

224 4453 242 4484 ι.
268 4434 307 4484 Cf.
328 4434 448 4500 Wyclil's
473 4435 608 4495 Sermons,
632 4439 672 4484 ed.
697 4436 731 4502 by
752 4435 861 4496 Arnold,
888 4435 906 4494 l,
925 4449 985 4500 pag.
1007 4432 1154 4484 sou-362.
