3166 5212
196 477 428 563 sunuoxrxul
554 497 715 549 saeuum
735 500 821 548 ruas

197 673 320 730 possunt
356 677 422 713 eum
464 658 527 713 istis
565 658 687 730 paribus
723 677 786 715 esse
820 660 930 715 Christi
966 660 1105 734 discipuli
1139 662 1184 717 rel

196 744 315 801 salvari.
341 745 415 814 Quis
437 747 515 801 euim
535 747 601 818 plus
617 745 796 820 apprecians
817 748 965 804 cucullam
984 749 1030 804 tel
1048 747 1183 804 habitum

196 852 288 907 quam
327 835 503 888 mandatum
538 832 649 888 Christi
690 833 750 889 sive
788 833 948 891 consilium
988 855 1048 891 non
1086 835 1184 892 minus

197 921 294 993 ipsum
320 919 508 993 appreciaret
533 932 657 994 propter
681 921 805 994 aliquod
831 922 937 978 horum
963 925 1097 996 septem?
1127 926 1185 979 Ista

171 1007 276 1064 §enim
301 1007 461 1064 adinventa
485 1006 614 1063 tradicio
638 1006 694 1063 fuit
715 1010 796 1081 apud
814 1009 966 1065 Christum
991 1029 1047 1084 pro
1071 1010 1184 1066 nichilo

196 1108 381 1168 computata,
413 1094 484 1168 quia
517 1113 586 1151 curn
623 1093 709 1150 scivit
741 1094 815 1150 ritus
849 1096 923 1153 tales
956 1097 1082 1167 futuros
1116 1096 1184 1154 ideo

197 1181 277 1255 ipsos
306 1200 359 1256 per
392 1183 492 1237 locum
522 1201 539 1238 a
570 1179 678 1238 maiori
711 1180 918 1256 subintelligit.
952 1185 1105 1258 Numquid
1134 1183 1184 1258 qui

196 1271 283 1325 debet
316 1266 383 1343 plus
416 1287 519 1325 amare
552 1286 638 1324 suam
672 1268 806 1325 animam
835 1289 927 1344 quam
957 1271 1013 1328 ista
1047 1271 1184 1335 lurlicria,

196 1358 284 1412 debet
313 1357 380 1431 plus
404 1355 558 1412 Christum
584 1356 709 1429 diligere
737 1376 829 1431 quam
858 1358 915 1414 ista
945 1358 1066 1431 dyaboli
1096 1377 1184 1414 orna·

155 1458 307 1500 tomenta.
337 1444 413 1499 Cum
443 1443 500 1498 illis
530 1441 609 1498 enim
633 1446 678 1513 (ut
702 1444 825 1518 quidam
851 1450 1000 1518 asserunt)
1026 1446 1081 1502 iste
1106 1459 1185 1501 secte

196 1532 302 1587 ludunt
319 1530 481 1588 interludia
498 1530 592 1603 patris
609 1530 664 1601 sui,
677 1544 705 1586 et
716 1536 760 1605 (ut
777 1532 905 1589 breviter
917 1535 1185 1606 comprehendam)

194 1622 352 1676 observata
386 1617 443 1673 ista
475 1617 586 1674 Christi
618 1618 721 1691 regula
753 1618 851 1674 forent
883 1619 1007 1693 spissius
1040 1633 1187 1692 martyres
1201 1613 1396 1710 Ῑξνὲξῑὲῗέἶῐξξῑὲ

195 1706 271 1762 sicut
300 1706 383 1773 olim,
412 1719 440 1760 et
470 1704 568 1760 omnis
601 1704 718 1778 privata
751 1707 852 1778 regula
886 1719 918 1762 ut
947 1706 1002 1762 sibi
1033 1705 1187 1764 contraria
1227 1724 1371 1774 martyraom

196 1793 356 1867 deperiret.
382 1791 456 1861 Quis
480 1791 561 1847 enim
586 1793 654 1866 plus
679 1795 811 1849 amando
836 1794 931 1867 legem
957 1793 1069 1850 Christi
1093 1812 1184 1868 quam
1201 1771 1401 1878 wllffqffiffw

156 1884 280 1936 tisuam
310 1879 443 1936 animam
472 1897 533 1935 non
562 1896 592 1934 se
621 1893 783 1952 exponeret
810 1881 905 1938 eciam
937 1882 974 1937 ad
1008 1881 1185 1954 martyrium

195 1987 251 2041 pro
280 1966 390 2024 Christi
425 1965 531 2022 ordine
566 1966 765 2036 defendendo,
795 1986 863 2024 cum
893 1971 1058 2024 secundum
1089 1966 1186 2042 philo-

194 2056 359 2128 sophorum
382 2053 532 2127 principia
553 2053 668 2127 positus
690 2053 721 2110 in
748 2054 918 2128 adopcione
939 2057 1067 2111 duorum
1092 2073 1184 2110 unum

194 2141 345 2216 accipiens
362 2154 390 2196 et
407 2140 489 2197 aliud
506 2154 690 2214 postponens
707 2140 780 2197 illud
798 2141 950 2216 accipiens
975 2142 1069 2213 nsagis
1086 2141 1186 2197 amat?

196 2228 383 2286 Christianus
413 2241 513 2283 autern
540 2227 655 2301 positus
685 2228 715 2283 in
744 2229 913 2302 adopcione
942 2230 987 2284 rel
1013 2228 1060 2285 hic
1088 2227 1187 2284 virere

153 2332 184 2365 20
196 2315 396 2390 corporaliter
426 2314 455 2370 in
483 2314 583 2388 quiete
608 2316 653 2371 rel
679 2314 752 2388 legis
780 2315 892 2372 Christi
917 2315 1105 2372 adversarios
1132 2314 1187 2369 im·

197 2422 339 2478 pugnare,
375 2402 542 2476 preeligens
579 2402 710 2475 primum
750 2417 778 2459 et
816 2417 1002 2477 postponens
1036 2402 1185 2475 reliquum

199 2490 369 2548 manifestat
399 2509 429 2545 se
457 2507 518 2545 non
547 2508 611 2545 esse
640 2488 750 2547 Christi
782 2489 975 2564 discipulum.
1010 2493 1075 2547 Hoc
1105 2488 1186 2545 enim

199 2579 228 2633 in
251 2579 316 2650 lege
339 2577 431 2632 reteri
456 2595 517 2633 non
541 2576 652 2633 faceret
676 2577 848 2634 llatathias.

242 2668 278 2720 Et
303 2664 381 2720 idem
411 2677 455 2720 est
479 2663 625 2720 iudicium
655 2665 736 2738 quod
765 2663 952 2738 impossibile
981 2679 1024 2721 est
1053 2664 1186 2739 aliquem

159 2751 396 2809 :st-hristianum
432 2769 496 2806 esse
524 2751 635 2807 Christi
665 2751 846 2826 discipulum
876 2752 932 2807 nisi
958 2770 1072 2808 crucem
1103 2770 1185 2807 snam

198 2837 1185 2913 hrinletsequendoChristum,quia(utdiciturlohannisXll⁰.26):

199 2929 231 2982 Si
263 2926 325 3001 quis
357 2925 427 2981 milri
459 2926 604 2982 ministrat
637 2945 681 2982 nte
712 2937 859 3001 sequatur.
899 2925 929 2980 si
963 2944 1033 2998 ergo
1066 2939 1187 2999 oportet

198 3033 318 3070 onmem
354 3014 530 3069 salvandum
565 3012 742 3070 continuare
776 3012 887 3070 Christi
922 3011 1121 3069 ministerium
1157 3026 1186 3068 et

200 3102 328 3157 formam
358 3102 468 3156 hahere
497 3100 641 3173 sequendi
670 3100 780 3173 ipsum,
811 3099 1003 3156 manifestum
1033 3114 1076 3156 est
1105 3102 1186 3174 quod

156 3193 319 3262 looportet
353 3187 518 3261 quemlibet
556 3188 733 3244 salvandum
773 3188 937 3243 secundum
971 3187 1101 3243 formam
1139 3186 1186 3243 hic

200 3275 328 3350 positam
347 3273 430 3348 sequi
445 3273 608 3330 Christum.
627 3276 756 3348 Oportet
773 3274 852 3330 enim
870 3292 991 3330 omnem
1009 3274 1186 3330 salvandum

201 3361 277 3418 mori
302 3361 449 3435 penaliter
474 3364 640 3417 secundum
664 3361 786 3435 aliquod
811 3379 905 3434 genus
931 3360 1076 3434 martyrii.

243 3449 368 3506 Ponitur
401 3461 502 3504 autem
538 3449 647 3523 duplex
680 3449 826 3522 parabola
856 3448 885 3503 in
918 3447 1186 3504 confirmacionem
1225 3456 1377 3518 tutantes-ut·

200 3536 284 3593 istius
312 3535 479 3601 sentencie;
512 3535 610 3609 prima
644 3548 687 3592 est
716 3538 753 3592 de
782 3534 1011 3592 construccione
1040 3533 1131 3590 turris
1159 3549 1188 3591 et
1211 3509 1396 3604 §llll-clffili‘fffis

157 3625 330 3680 tssecunda
360 3625 396 3679 de
422 3624 501 3679 bello
526 3622 556 3678 in
582 3622 717 3679 hostibus
742 3622 973 3680 committendo
1004 3625 1062 3678 Pro
1086 3621 1187 3695 primo
1244 3613 1357 3668 reaching.

199 3712 366 3767 notandum
409 3712 490 3784 quod
536 3723 656 3783 oportet
698 3728 819 3766 omnem
864 3711 1041 3766 salvandum
1078 3708 1186 3765 turrim

198 3798 343 3854 virtutum
374 3797 429 3853 sibi
460 3810 634 3854 construere
659 3810 687 3853 et
711 3815 835 3871 regnum
861 3797 996 3854 celorum
1020 3797 1185 3853 secundum

256 3999 272 4033 ι.
284 3983 336 4025 liu:
351 3982 531 4037 appreciaretur.
586 3994 605 4035 7.
618 3984 651 4026 A:
668 3982 849 4035 subintelligunt.
904 3983 925 4029 8,
938 3993 959 4038 9.
971 3983 1004 4024 A:
1020 3981 1064 4023 ista
1077 4004 1102 4011 -
1117 3993 1187 4041 quam

199 4038 269 4079 deest.
359 4034 659 4078 :obtimini-etenim.
748 4047 776 4078 12.
792 4032 925 4077 Illitt'oret.
1008 4032 1187 4076 ranzomnn.

200 4090 228 4131 ω’.
241 4089 293 4131 ua:
310 4089 403 4130 urnas-it.
498 4099 527 4130 21.
544 4087 595 4130 DE:
612 4088 711 4141 diligens
726 4088 836 4142 primunr.
932 4097 965 4128 22.
982 4086 1034 4128 lui:
1051 4084 1099 4128 llec
1114 4086 1184 4128 euim.

199 4140 231 4184 al.
248 4141 266 4183 lt
282 4141 304 4182 in
321 4153 405 4193 mara:
421 4141 431 4183 1
447 4140 534 4183 llacch.
551 4154 565 4183 ι,
647 4140 682 4182 26.
697 4139 728 4182 tt:
742 4140 794 4182 Jon.
810 4143 846 4181 x.
929 4150 961 4179 2·.
978 4137 1029 4180 lui:
1046 4138 1084 4192 qui
1102 4138 1185 4184 michi:

198 4195 228 4236 ib.
245 4195 277 4236 A:
295 4192 468 4236 ministraverit.
542 4196 575 4235 28.
592 4192 642 4235 llll:
659 4192 796 4235 ministerio.
864 4190 901 4242 34.
918 4170 969 4233 uti:
985 4190 1100 4232 sentencie
1115 4190 1187 4232 deest.

199 4246 229 4289 35.
245 4248 265 4288 Α
282 4246 304 4287 iu
321 4258 407 4297 marga
425 4245 476 4286 ltuo
490 4246 603 4299 exempla.
620 4245 731 4287 l‘rimum.
791 4242 826 4287 315.
841 4245 875 4286 A:
892 4250 987 4285 ttu'rem.
1022 4269 1025 4276 ·
1042 4241 1125 4295 37.1›:
1143 4242 1188 4284 tir·

199 4305 272 4340 tntum
289 4299 311 4340 ω
328 4310 414 4350 niara:
435 4297 466 4339 ll:
483 4297 593 4340 virtutum
608 4298 684 4343 deest:
704 4297 721 4338 li
737 4297 758 4339 in
776 4307 862 4351 marg.:
879 4294 911 4337 lte
926 4295 1103 4337 construetione
1117 4295 1188 4337 turris

199 4359 260 4392 uota.

254 4441 294 4490 25.
315 4442 403 4489 Lucae
421 4440 491 4503 XIV,
510 4453 551 4506 ²7·
