3166 5212
211 437 380 528 srmone]
561 458 725 513 sncuxnx
744 458 839 510 anns.

209 620 247 675 ad
271 618 325 675 Dei
354 618 622 677 honorificenciam
651 621 866 678 declarandam
894 634 981 678 vocat
1010 639 1078 677 eum
1108 621 1193 678 disci·

204 706 307 780 pulum
328 725 410 782 quem
433 707 572 785 diligebat
586 709 687 778 Jesus;
713 710 846 765 secundo
866 710 904 765 ad
926 707 1006 765 Petri
1028 707 1193 765 stulticiam

209 791 437 866 deprimendam
465 808 552 852 vocat
581 814 649 852 eum
678 795 764 852 illum
788 794 969 869 discipulum
993 796 1042 871 qui
1064 796 1193 851 recubuit

207 879 235 934 in
263 898 331 936 cena
358 899 448 958 super
471 892 573 958 pectus
596 880 728 939 Domini.
757 885 794 939 Et
818 880 889 938 dixit
915 883 952 938 ad
977 881 1191 939 excitacionem

183 965 301 1023 5Petri:
326 968 459 1039 Domine,
483 969 546 1043 quis
573 980 615 1026 est
642 971 691 1045 qui
717 970 814 1025 tradet
842 970 891 1025 te?
918 968 1003 1024 Sicut
1026 968 1106 1025 enim
1129 983 1192 1027 tam

207 1055 311 1109 Petrus
344 1073 436 1130 quam
470 1054 525 1111 iste
560 1055 725 1131 discipulus
754 1053 934 1113 desideravit
962 1067 1033 1111 tunc
1062 1053 1191 1113 inaniter

205 1139 350 1196 noticiam
375 1140 551 1212 Scariothis,
575 1142 618 1199 sic
643 1145 748 1199 Petrus
772 1142 802 1198 in
825 1140 984 1216 proposito
1010 1141 1191 1200 desideravit

205 1226 349 1283 noticiam
378 1227 585 1286 ordinacionis
609 1229 730 1286 Domini
754 1231 791 1285 ‹le
813 1231 959 1286 iohanne.
988 1228 1084 1285 Multa
1112 1229 1408 1304 enimltiswetttorus

206 1314 323 1388 expedit
356 1313 523 1372 viatoribus
556 1315 706 1390 ignorare,
735 1330 768 1372 ut
795 1315 872 1373 sicut
896 1319 1001 1372 Petrus
1031 1315 1130 1391 potuit
1158 1335 1191 1373 ex
1201 1302 1233 1389 0¹4⁰
1240 1295 1407 1402 „fffflssfssgss

164 1400 300 1474 ropriori
323 1401 436 1459 noticia
453 1402 620 1461 Scariothis
644 1403 835 1479 culpabiliter
859 1401 1008 1460 insiluisse
1032 1402 1063 1459 in
1079 1402 1189 1478 ipsum,
1295 1395 1301 1404 ’

118 1530 124 1541 .
204 1486 246 1545 sic
279 1488 377 1561 potuit
411 1508 444 1546 ex
472 1489 529 1547 ista
562 1490 835 1548 secunda'noticia
865 1489 1005 1547 habuisse
1033 1491 1071 1546 ad
1095 1493 1190 1548 Evan-

202 1575 339 1648 gelistam
366 1577 606 1651 despeccionem‚
635 1577 944 1636 remurmuracionem
967 1578 1013 1635 vel
1034 1592 1190 1654 contemp·

202 1675 277 1719 tum.
307 1666 393 1721 Unde
416 1667 453 1721 ad
480 1664 721 1723 declaracionem
744 1667 905 1724 verborum
932 1663 1055 1722 Domini
1079 1664 1109 1721 in
1134 1666 1189 1723 hac

203 1764 288 1824 parte
315 1765 419 1808 narrat
444 1752 634 1827 Evangelista
658 1755 814 1828 quomodo
838 1771 937 1809 sermo
961 1752 1016 1808 iste
1046 1771 1189 1810 erroneus

164 1837 271 1893 riexiit
304 1837 381 1894 inter
414 1839 520 1896 fratres
554 1841 636 1914 quod
664 1839 856 1914 Evangelista
889 1857 951 1895 non
983 1841 1070 1896 debet
1102 1839 1188 1897 mori.

202 1925 267 1980 Hoc
296 1937 398 1981 tamen
425 1944 487 1982 non
515 1939 595 1983 recte
624 1925 743 2000 capitur
771 1945 804 1984 ex
832 1925 929 1983 verbis
955 1925 1086 1996 Domini,
1120 1945 1188 1982 cum

201 2029 255 2066 non
279 2012 356 2066 dixit
378 2012 405 2068 ei
418 2013 502 2094 Jestts
525 2014 602 2089 quod
625 2014 704 2070 nullo
728 2025 858 2090 tempore
882 2013 1016 2084 moritur,
1039 2014 1091 2069 sed
1114 2013 1190 2069 dixit

200 2097 241 2152 ei:
268 2099 316 2154 Sic
340 2099 405 2154 volo
433 2118 496 2156 eum
521 2118 640 2157 manere
668 2101 758 2156 donec
786 2100 908 2171 xenium,
932 2100 1001 2175 quid
1024 2101 1063 2155 ad
1086 2101 1136 2156 te?
1160 2112 1188 2156 et

201 2202 269 2240 cum
293 2187 351 2242 boc
375 2199 433 2243 stat
457 2189 539 2262 quod
563 2206 619 2245 suo
642 2200 780 2261 tempore
806 2186 963 2258 moriatur,
987 2200 1019 2242 ut
1044 2200 1126 2261 patet
1151 2189 1187 2243 de

159 2290 190 2324 20
200 2290 288 2328 sensu
313 2273 458 2347 exposito.

242 2359 350 2417 Tercio
366 2360 575 2435 principaliter
591 2375 678 2419 notat
695 2360 883 2435 evangelium
899 2359 1059 2435 tripliciter
1075 2379 1188 2418 nomen
1217 2371 1386 2418 Trustwormi-

200 2446 446 2505 confirmacionis
470 2466 523 2505 sue
547 2448 713 2506 sentencie:
737 2449 806 2520 Hic,
831 2447 938 2523 inquit,
963 2458 1005 2504 est
1029 2448 1188 2525 discipulus
1231 2427 1374 2521 neppcprtdthe

199 2533 248 2589 ille
269 2534 318 2608 qui
337 2535 529 2592 testimonium
546 2537 681 2611 perhibet
702 2537 738 2592 de
760 2535 815 2591 hiis
838 2547 865 2591 et
887 2535 1005 2612 scripsit
1028 2536 1088 2592 hec.
1119 2534 1186 2592 Fuit

199 2619 279 2675 enim
302 2621 493 2695 Evangelista
514 2624 663 2697 propheta
685 2620 805 2696 sapiens
828 2636 857 2678 et
877 2620 987 2693 scriba,
1009 2640 1065 2679 nec
1086 2622 1185 2697 potuit

156 2708 267 2763 rieum
293 2710 373 2764 Deus
396 2708 439 2765 sic
464 2707 598 2783 elegisse,
628 2709 764 2766 dilexisse
793 2721 821 2766 et
849 2708 968 2780 iuvisse,
997 2707 1054 2766 nisi
1079 2708 1110 2765 in
1134 2709 1186 2766 illo

199 2793 373 2852 testimonia
406 2795 565 2852 hominum
597 2796 771 2867 valuissent,
801 2815 870 2853 cum
897 2815 959 2853 non
988 2795 1087 2870 potuit
1116 2815 1185 2853 cum

199 2880 263 2937 istis
296 2881 419 2956 paribus
451 2882 541 2940 fuisse
577 2883 608 2940 in
639 2883 698 2941 isto
730 2882 906 2941 testimonio
934 2882 1018 2940 testis
1049 2886 1185 2954 mendax,

200 2987 268 3024 cum
285 2971 365 3025 Deus
386 2971 505 3027 locutus
527 2984 571 3027 est
592 2970 623 3027 in
643 2971 697 3028 illo
718 2985 751 3027 ut
773 2971 831 3027 fide
849 2970 1009 3027 credimus.
1034 2972 1071 3026 Et
1090 2973 1186 3028 Evan-

198 3055 304 3128 gelista
334 3058 447 3114 babens
475 3071 537 3115 tam
561 3057 770 3115 testimonium
799 3057 943 3115 credibile
967 3076 1019 3114 seu
1043 3056 1184 3114 sensibile

155 3142 290 3215 30quam
318 3142 498 3218 impressam
526 3144 672 3202 noticiam
701 3145 910 3220 propheticam
939 3143 1012 3201 dicit
1041 3147 1185 3202 audacter

198 3248 254 3303 pro
279 3249 309 3286 se
334 3244 362 3287 et
387 3251 442 3305 pro
466 3231 533 3289 aliis
557 3232 710 3290 fidelibus:
736 3232 774 3288 Et
797 3233 905 3288 scimus
927 3232 993 3306 quia
1017 3251 1117 3288 verum
1142 3243 1184 3289 est

198 3318 391 3374 testimonium
420 3319 488 3376 eius.
522 3319 553 3376 Si
582 3319 661 3376 enim
691 3321 857 3376 secundum
886 3318 982 3392 legem
1007 3318 1062 3375 Dei
1096 3320 1184 3376 debet

198 3404 350 3478 acceptari
372 3404 580 3462 testimonium
602 3408 732 3463 duorum
749 3408 794 3463 vel
815 3405 907 3462 trium
929 3405 1086 3462 hominum
1106 3419 1183 3462 tam-

197 3509 287 3565 quam
312 3510 426 3564 verum,
451 3493 685 3568 quantomagis
715 3493 745 3550 in
773 3506 859 3550 tanto
882 3492 1073 3567 Evangelista
1101 3492 1199 3549 testi·-

155 3580 184 3631 35
198 3577 333 3633 monium
349 3577 527 3637 Trinitatis?
550 3583 587 3637 Et
608 3583 689 3656 quod
709 3580 828 3637 trinitas
848 3580 890 3637 sic
912 3580 1055 3655 loquatur
1071 3579 1101 3636 in
1117 3579 1183 3655 ipso

197 3666 340 3722 debemus
361 3685 395 3723 ex
417 3665 476 3723 fide
497 3685 605 3742 capere
626 3667 689 3725 sine
712 3666 914 3725 fluctuacione
930 3669 976 3725 vel
992 3680 1183 3742 argumenta-

250 3935 304 3982 1—3.
321 3938 354 3981 A:
369 3937 534 3996 declarandum
551 3969 608 3981 ....
624 3938 811 3994 deprimendum.
872 3950 888 3982 t.
902 3939 937 3995 A:
952 3949 1006 3981 eum
1021 3937 1098 3990 deest;
1114 3939 1144 3981 ib.
1161 3940 1182 3983 A

196 3989 352 4032 inmar.:1.
418 3991 661 4046 ‘2.Aintnarg.:t.
738 3991 975 4052 4.A:pectuseius.
1053 3989 1182 4034 6.A:iste

196 4003 340 4136 Evanpeiista
356 4041 495 4102 desiderant.
583 4055 602 4097 7.
619 4043 670 4086 DE:
686 4043 800 4102 Scariotb.
890 4055 920 4103 ¹9:
936 4042 954 4085 E
969 4042 991 4085 in
1008 4055 1093 4096 mara:
1109 4043 1181 4086 Multa

196 4107 252 4147 expe
271 4093 288 4137 it
303 4096 431 4138 viatoribus
445 4107 451 4137 1
470 4107 560 4137 notare.
638 4094 716 4139 13-15.
732 4097 765 4139 A:
781 4107 803 4138 m
821 4095 862 4138 linc
877 4102 930 4137 extit
945 4102 1005 4138 mter
1020 4096 1102 4138 iratres
1117 4095 1180 4151 quod

196 4146 342 4201 Evangelista
356 4159 445 4201 quomo
463 4159 478 4189 o
493 4146 535 4189 iste
551 4159 627 4190 sermo
642 4159 752 4189 erroneus
767 4148 821 4189 exiit
836 4148 901 4190 inter.
988 4159 1017 4190 21.
1034 4149 1067 4190 A:
1083 4149 1180 4191 tercium

196 4211 293 4256 nomem
309 4199 339 4241 ib.
351 4202 372 4242 A
387 4199 409 4242 in
426 4210 515 4258 interpr
529 4198 561 4259 Cp
576 4198 595 4240 D
606 4199 628 4241 in
645 4211 729 4253 marga
745 4199 827 4242 Tereia
844 4212 905 4256 pins.
938 4250 942 4258 .
959 4210 995 4250 21,
1007 4199 1039 4242 25.
1056 4201 1089 4243 A:
1105 4201 1182 4255 potuit

196 4251 257 4293 Deus
273 4251 358 4305 ipsum.
400 4251 432 4294 25.
444 4252 478 4293 A:
494 4251 602 4293 dilexisse
617 4252 738 4294 meruisse.
780 4252 812 4301 25.
824 4258 859 4293 20.
870 4252 904 4294 A:
921 4252 964 4293 tusi
980 4252 1042 4295 mille
1058 4253 1180 4296 bominum

195 4302 327 4346 testimonia
343 4303 452 4346 valuisset
466 4303 586 4367 quoniam.
640 4315 676 4358 29.
688 4305 721 4347 A:
738 4304 847 4347 credibile
862 4316 900 4345 seu
916 4303 987 4346 deest.
1042 4302 1077 4348 30.
1089 4305 1122 4347 lt:
1138 4306 1181 4347 im-

196 4356 343 4409 premissam.
397 4353 427 4399 31.
443 4355 532 4398 Dbzet
546 4355 610 4407 aliis;
633 4355 663 4398 ib.
679 4356 791 4415 Atflquod
807 4356 901 4398 scimus.
956 4354 1180 4400 31.32.A:verum

195 4408 366 4460 testimonium
382 4408 431 4450 eius
446 4407 516 4451 deest.
571 4406 604 4450 32.
622 4407 672 4450 DE:
689 4407 729 4450 Det
745 4407 816 4450 deest.

560 4476 567 4495 ἱ

1062 4499 1075 4534 2
