3166 5212
196 495 299 541 seruo
315 479 356 567 a]
551 499 713 551 securlus
735 500 828 550 etus,

196 662 333 720 raciones
358 661 475 718 mistice
499 662 529 718 in
553 680 680 718 numero
704 663 893 719 duodenario
917 664 998 737 quod
1015 675 1136 735 oportet
1153 662 1184 720 in

195 750 261 824 ipso
279 747 398 823 impleri
417 763 515 806 cetum
534 749 745 822 apostolicum.
771 751 807 804 Et
830 749 946 806 utinam
965 749 1132 806 elecciones
1156 763 1184 806 et

195 836 431 893 constituciones
466 836 555 892 hodie
592 838 742 893 celebrate
775 837 817 893 sic
856 838 1019 893 fundentur
1057 836 1087 891 in
1126 837 1185 894 fide

195 924 352 998 scripture.
378 925 496 981 Scimus
513 937 615 980 tamen
632 926 713 997 quod
730 925 895 981 auctoritas
913 923 991 979 Petri
1009 938 1037 980 et
1054 923 1183 980 aliorum

171 1012 404 1086 5apostolorum
429 1012 484 1067 fuit
518 1010 615 1066 maior
650 1029 741 1085 quam
775 1010 940 1067 auctoritas
976 1013 1183 1067 Romanorum

195 1098 374 1173 pontificum
400 1098 451 1172 qui
476 1098 653 1171 inceperunt
677 1097 861 1154 tradiciones
878 1100 1025 1153 secundas
1041 1111 1182 1154 statuere.

238 1187 296 1242 Sed
321 1198 364 1241 est
390 1185 552 1241 difficultas
577 1184 712 1249 ulterior,
743 1204 810 1241 cum
837 1185 917 1241 iuxta
941 1185 1021 1240 dicta
1046 1203 1184 1241 sermone

195 1273 332 1347 proximo
344 1285 465 1347 oportet
477 1271 636 1328 Matthiam
650 1285 678 1328 et
690 1291 886 1347 quoscunque
903 1271 983 1328 viros
1000 1270 1185 1345 apostolicos

196 1359 365 1434 relinquere
394 1359 484 1415 istum
514 1361 671 1429 mundum,
701 1362 857 1433 quomodo
885 1371 944 1416 stat
973 1358 1002 1414 in
1027 1359 1069 1414 eis
1098 1377 1184 1415 verus

157 1447 383 1520 ¹0upostolatus
407 1459 458 1502 aut
483 1446 681 1519 obligacionis
698 1446 855 1503 maioritas
874 1465 907 1502 ex
924 1445 1086 1503 dotacione
1110 1459 1184 1502 tem-

195 1534 357 1608 poralium,
387 1552 455 1590 cum
485 1552 574 1590 nemo
603 1533 755 1606 obligatur
788 1534 845 1589 nisi
878 1536 979 1608 quoad
1009 1536 1105 1588 Deum
1138 1534 1184 1588 vel

196 1622 300 1677 saltem
335 1620 392 1677 nisi
416 1623 495 1677 Deus
528 1623 676 1694 approbet
709 1621 931 1695 obligacionem
965 1633 994 1677 et
1027 1639 1080 1694 per
1113 1639 1184 1676 con-

195 1727 322 1782 sequens
339 1707 401 1765 eius
418 1727 552 1765 causam.
570 1711 607 1763 Et
623 1707 666 1764 sic
677 1710 756 1764 Deus
773 1708 973 1765 auctorizaret
990 1706 1182 1764 dotacionem

195 1796 320 1852 ecclesie
344 1797 425 1868 quod
449 1809 585 1869 negatur.

156 1882 184 1930 ¹5
239 1882 296 1939 Hic
324 1882 434 1939 dicitur
463 1885 544 1957 quod
569 1886 648 1939 Deus
681 1884 824 1955 reprobat
856 1881 1049 1939 dotacionem
1081 1882 1183 1947 talem,

195 1988 262 2026 cum
288 1968 325 2026 sit
349 1968 539 2025 ordinacioni
564 1968 709 2025 exercitus
733 1967 777 2023 sui
803 1967 965 2037 contraria,
994 1986 1062 2024 cum
1093 1985 1184 2023 nemo

195 2055 260 2111 sani
284 2055 392 2129 capitis
416 2055 497 2112 dicat
521 2058 603 2129 quod
628 2054 732 2111 exhinc
762 2054 932 2128 disponitur
961 2056 1058 2112 clerus
1087 2068 1118 2110 ut
1146 2053 1184 2110 sit

196 2143 334 2211 habilior,
351 2161 455 2198 verum
473 2155 575 2198 tamen
592 2141 668 2198 sicut
685 2159 808 2198 omnem
827 2155 928 2198 actum
947 2140 1055 2215 pecati,
1079 2160 1184 2215 ymmo

195 2229 291 2286 eciam
331 2229 408 2285 sicut
447 2229 545 2303 ipsum
584 2243 742 2303 peccatum
777 2232 857 2285 Deus
894 2230 1045 2303 approbat
1083 2232 1184 2303 quoad

153 2316 258 2373 zoelus
286 2335 350 2373 esse
373 2318 537 2373 secundum
563 2330 592 2374 et
616 2334 706 2372 omne
730 2335 783 2390 per
800 2315 939 2373 accidens
964 2318 1076 2372 bonum
1102 2317 1182 2389 quod

195 2403 427 2461 occasionaliter
451 2421 483 2460 ex
508 2403 574 2477 ipso
606 2403 754 2477 provenit,
784 2403 827 2459 sic
851 2417 879 2460 et
903 2422 979 2477 opus
1004 2401 1183 2459 dotacionis.

134 2517 137 2522 ·
196 2494 232 2546 Et
260 2491 311 2547 illa
340 2490 492 2563 obligacio
517 2491 621 2547 exinde
645 2490 824 2564 proveniens
848 2490 1053 2547 auctorizatur
1076 2509 1093 2545 a
1120 2492 1183 2547 Deo

195 2580 231 2634 de
256 2591 371 2652 quanto
396 2591 439 2634 est
463 2577 556 2640 iusta:
581 2591 609 2634 et
636 2581 681 2648 (ut
705 2577 764 2634 diri
790 2577 940 2651 superius)
967 2577 1066 2633 omnis
1091 2579 1183 2634 homo

195 2679 319 2739 propter
336 2667 538 2739 quodcunque
556 2667 669 2722 donum
689 2665 742 2722 Dei
760 2664 935 2722 innovatum
960 2663 1016 2720 sibi
1033 2666 1071 2720 ad
1095 2684 1182 2720 suum

154 2748 184 2797 25
196 2752 336 2809 meritum
354 2752 416 2809 sive
433 2751 612 2809 demeritum
631 2751 773 2809 continue
789 2751 906 2808 noviter
923 2751 1083 2823 obligatur,
1100 2751 1183 2808 etita

195 2839 616 2913 prescitusexlongiturnitate
627 2839 753 2896 incurrit
765 2838 967 2895 maioritatem
976 2838 1183 2911 obligacionis‚

195 2940 223 2983 et
247 2926 325 2983 inter
349 2927 425 2984 alios
449 2926 517 2983 talis
541 2926 683 3001 antiquus
700 2926 816 2983 dierum
835 2926 948 2982 idcirco
966 2939 1009 2983 est
1025 2925 1183 2991 infelicior,

196 3014 266 3088 quia
291 3013 441 3087 obligacio
465 3016 502 3070 ad
528 3013 716 3071 serviendum
742 3017 805 3068 Deo
835 3013 941 3082 maior,
971 3027 999 3069 et
1028 3033 1095 3071 cum
1127 3015 1184 3070 hoc

196 3101 359 3158 commixta
370 3100 521 3174 obligacio
532 3105 569 3158 ad
581 3120 691 3176 penam
704 3100 860 3165 maiorem,
877 3114 905 3157 et
922 3100 963 3156 ita
975 3101 1100 3158 ecclesia
1112 3119 1183 3157 con-

153 3184 185 3233 30
196 3188 278 3245 tinue
290 3190 377 3244 debet
389 3207 452 3244 esse
464 3189 571 3245 melior
582 3208 614 3245 ex
627 3188 688 3245 eius
700 3185 889 3264 antiquitate.
902 3187 979 3244 sicut
992 3202 1035 3244 est
1046 3191 1082 3243 de
1094 3189 1183 3251 facto,

195 3294 256 3332 non
281 3275 476 3348 imaginando
501 3279 702 3351 quodcunque
726 3275 788 3331 eius
807 3277 975 3332 membrum
998 3278 1182 3349 subsequens

196 3381 259 3419 esse
288 3381 468 3437 quocunque
497 3363 590 3437 priori
619 3362 784 3438 perfeccius
817 3365 867 3418 sed
901 3365 1051 3419 credendo
1085 3363 1182 3435 ipsum

196 3469 259 3506 esse
283 3453 409 3506 eandem
434 3470 593 3524 personam
619 3470 728 3525 sponse
752 3449 863 3508 Christi
888 3449 1039 3519 continue,
1069 3468 1127 3523 que
1151 3468 1184 3505 ex

196 3536 409 3612 predestinatis
443 3537 670 3595 advenientibus
708 3536 969 3613 perfeccionaliter
1006 3536 1182 3593 maioratur.

154 3617 184 3667 35
196 3627 233 3681 Et
257 3625 298 3681 ita
322 3624 391 3681 licet
415 3625 545 3699 apostoli
569 3627 689 3683 fuerunt
709 3624 909 3699 obligaciores
926 3642 1066 3682 excausa
1083 3623 1184 3681 multi-

195 3711 267 3787 plici
292 3730 384 3786 quam
408 3712 542 3788 episcopi
565 3713 625 3771 iam
649 3728 812 3788 presentes,
837 3732 943 3771 eorum
960 3725 1063 3770 tamen
1078 3714 1184 3785 damp-

249 3926 268 3957 2.
284 3915 318 3958 A:
334 3923 355 3958 et
371 3921 402 3958 ut.
477 3912 497 3956 3.
512 3915 545 3956 A:
562 3922 584 3957 et
598 3915 781 3958 constituciones
795 3915 867 3957 deest.
942 3914 960 3958 5.
977 3916 1010 3958 A:
1027 3915 1183 3958 auctoritates.

197 3979 216 4020 7.
233 3967 274 4011 ΑΕ
290 3968 312 4009 in
329 3979 414 4021 mara:
430 3967 565 4010 Difficultas.
654 3979 683 4011 12.
698 3967 751 4010 DE:
767 3967 811 4010 nisi
828 3967 890 4010 fleus
905 3967 977 4009 deest.
1059 3967 1087 4011 15.
1103 3966 1146 4010 ΑΕ
1160 3968 1183 4010 in

197 4032 283 4073 uturp:
299 4019 440 4073 Responsi03
464 4019 482 4061 l)
498 4019 521 4060 iu
537 4031 623 4073 marga
639 4019 791 4063 [lutacioueut
808 4019 870 4061 lleus
886 4021 1002 4074 reprobat.
1097 4030 1133 4060 20.
1148 4019 1182 4062 A:

197 4071 324 4131 positivum
340 4072 374 4113 vel
391 4072 491 4123 bonum;
505 4069 536 4113 E:
553 4079 574 4113 et
589 4085 658 4116 omne
674 4072 765 4127 penitus
781 4073 812 4124 (iu
828 4085 914 4124 maru:
931 4071 1066 4126 positivum)
1083 4071 1183 4122 bonum:

196 4123 226 4165 tb.
241 4123 260 4165 Ι)
272 4123 294 4164 iu
307 4136 393 4176 marte:
408 4122 469 4166 Nota
484 4136 535 4165 esse
566 4126 637 4167 eccuti
652 4125 779 4166 secuudum
795 4131 829 4166 est
845 4137 903 4178 penu
915 4123 992 4166 debita
1004 4136 1046 4177 pro
1059 4129 1152 4178 peceato
1163 4131 1184 4166 ct

197 4176 259 4217 illam
272 4175 333 4216 lleus
344 4176 465 4229 approbat.
503 4175 535 4218 25.
546 4136 598 4218 liti:
611 4189 681 4231 super
692 4176 842 4225 demeritum:
859 4176 889 4218 ib.
900 4177 934 4219 A:
947 4177 1043 4219 noviter.
1083 4175 1118 4217 26.
1129 4174 1183 4218 DE:

197 4228 379 4280 ltrngauiuritute.
426 4228 460 4269 28.
477 4227 495 4268 l)
512 4228 533 4268 iu
550 4240 636 4281 uturp:
653 4228 776 4282 Obligatus
792 4229 862 4270 ltomo
874 4229 931 4323 plus
946 4241 1016 4283 super
1030 4227 1184 4271 iuuet-acione

198 4279 272 4322 meriti
289 4281 322 4322 vel
338 4280 456 4331 demeriti:
479 4280 509 4321 ib.
525 4279 577 4322 DE:
593 4281 635 4323 ltec
650 4280 720 4322 deest.
822 4291 833 4322 2
853 4311 858 4321 .
923 4290 945 4325 et
959 4280 1033 4323 eciam
1048 4281 1129 4332 debet;
1152 4280 1182 4322 ib.

196 4333 230 4373 A:
247 4332 295 4374 hec.
350 4331 384 4374 30.
399 4331 418 4374 E
432 4331 455 4374 in
471 4343 556 4386 marga
573 4331 674 4375 Ecclesia
689 4331 797 4374 continue
812 4292 880 4375 debet
894 4346 945 4377 esse
960 4332 1049 4376 melior.
1101 4330 1131 4376 31.
1147 4333 1181 4376 A:

197 4395 303 4438 sequeus.
344 4382 594 4479 32.l)E:p·erfectum.
636 4382 922 4438 32,33.ll:ipsamesse.
964 4383 996 4427 33.
1013 4384 1134 4439 usszquta
1146 4398 1180 4427 ex.

197 4436 231 4490 34.
243 4437 295 4480 DE:
312 4438 425 4493 perfeccio
439 4444 461 4480 ta
472 4449 499 4479 ra.
544 4435 579 4480 36.
591 4436 610 4480 E
620 4437 643 4481 in
654 4448 740 4492 mare:
756 4437 804 4480 Cur
819 4437 924 4480 moderni
941 4449 1023 4493 purum
1038 4438 1179 4493 obligantur.

1222 1938 1225 1946 Ι
1262 1887 1336 1929 (iod's

1204 1939 1352 2033 disapproval
1368 1939 1393 1980 ol

1220 2003 1247 2034 cll
1267 1998 1376 2033 ou‘nlcnl.
