3166 5212
221 477 324 543 samo
339 461 411 550 ml
574 482 737 535 saeuum
758 483 852 533 rins.

222 641 380 700 diversitas
418 642 496 701 inter
540 643 758 701 comestionem
797 661 858 719 qua
897 644 1036 701 Christus
1080 642 1212 701 comedit

222 732 360 789 membra
381 748 437 788 sua
460 744 489 788 et
513 730 732 788 comestionem
750 749 810 807 qua
834 733 971 789 membra
988 731 1087 807 ipsum
1112 749 1212 789 come-

222 821 306 877 dunt.
331 819 391 875 Sed
414 818 491 876 sicut
514 818 607 875 homo
635 837 697 876 non
726 817 851 893 proprie
879 817 1013 876 comedit
1037 818 1138 876 cibum
1168 819 1212 876 in·
1229 830 1324 892 Thisjs
1339 840 1378 874 nur
1393 845 1420 874 so

223 904 433 981 digestibilem,
466 905 509 963 sic
537 904 659 980 presciti
688 923 744 964 nec
773 905 927 963 Christum
962 907 1125 964 comedunt
1156 925 1212 964 nec
1262 883 1390 989 ζ’,ξᾞζξζ

199 993 286 1069 bipse
309 993 387 1065 illos,
411 995 464 1051 sed
488 1006 645 1068 tamquam
666 993 820 1068 superflua
837 1006 866 1050 et
883 992 1098 1068 indigestibilia
1117 992 1212 1051 mittit

223 1081 313 1151 foras,
338 1093 367 1139 et
390 1080 434 1138 sic
456 1078 634 1153 intelligitur
658 1080 762 1139 oracio
787 1080 898 1138 Christi
927 1100 982 1155 pro
1006 1099 1061 1137 sua
1084 1081 1212 1139 ecclesia

222 1169 288 1225 Joh.
305 1169 410 1239 xv110,
428 1183 478 1238 21,
504 1168 626 1243 quando
650 1167 748 1226 oravit
772 1170 864 1244 quod,
888 1168 962 1225 sicut
985 1168 1046 1245 ipse
1069 1179 1097 1225 et
1120 1169 1210 1226 Pater

221 1266 288 1313 sunt
311 1273 398 1311 unum
424 1274 534 1330 corpus
558 1257 659 1330 quoad
684 1254 898 1313 indivisibilem
923 1254 1139 1327 substanciam,
1168 1254 1210 1313 sic

224 1343 360 1400 membra
387 1361 441 1401 sua
469 1341 528 1399 sint
557 1361 651 1399 unum
680 1361 791 1416 corpus
819 1345 921 1418 quoad
950 1342 1209 1418 inseparacionem

185 1429 348 1488 roecclesie
371 1429 598 1504 triumphantis.

266 1519 353 1575 Unde
376 1517 464 1575 istam
481 1517 686 1575 diversitatem
703 1516 842 1575 Christus
866 1517 1019 1593 explicans
1035 1516 1120 1593 ponit
1137 1536 1211 1593 quo·
1275 1529 1376 1592 ethius

154 1574 214 1695 53⁰¹ss
225 1606 315 1662 modo
345 1604 408 1680 ipse
437 1617 465 1661 et
497 1604 557 1662 alia
586 1604 729 1663 dicuntur
757 1624 850 1680 panes
875 1605 1028 1681 equivoce.
1051 1600 1055 1685 Ι
1076 1606 1144 1679 fflc,
1167 1605 1211 1662 in·
1230 1581 1421 1679 ²{l{²fli¹,¹s¹,‘',¹,¹„{¹s

186 1659 298 1768 4quit,
327 1703 370 1750 est
393 1693 481 1769 panis
507 1693 557 1768 qui
584 1694 619 1750 de
647 1693 707 1750 celo
737 1693 894 1763 descendit,
927 1711 982 1749 non
1011 1694 1084 1749 sicut
1108 1704 1212 1770 potres
1244 1689 1364 1785 meffiffi'*
1383 1688 1411 1732 ⁰f

224 1779 315 1837 vestri
336 1781 587 1837 manducaverunt
610 1781 720 1837 Manna
750 1781 778 1836 in
807 1781 922 1837 deserto
953 1791 979 1837 et
1004 1781 1113 1836 mortui
1134 1792 1209 1838 stent.
1360 1773 1364 1782 '

185 1869 350 1924 15Constat
379 1866 501 1943 quidem
531 1869 613 1942 quod
642 1869 751 1942 duplex
780 1880 825 1924 est
854 1866 951 1942 panis,
981 1866 1095 1924 scilicet
1124 1867 1211 1942 panis

223 1953 274 2029 qui
298 1955 335 2011 de
363 1955 429 2012 celo
459 1953 614 2012 descendit
644 1968 672 2011 et
700 1953 788 2030 panis
816 1955 868 2030 qui
896 1972 929 2011 ex
960 1954 1107 2012 fructibus
1131 1966 1210 2012 terre

223 2040 358 2099 ascendit
382 2041 443 2099 sive
471 2041 660 2116 producitur.
701 2042 819 2099 Primus
847 2042 934 2117 panis
958 2055 1058 2117 potest
1082 2040 1210 2116 intelligi

223 2127 394 2203 dupliciter,
428 2128 475 2185 vel
504 2147 559 2202 pro
594 2130 687 2185 verbo
720 2128 775 2185 Dei
808 2128 1018 2205 temporaliter
1051 2129 1211 2187 incarnato

223 2217 269 2273 vel
297 2234 352 2291 pro
385 2215 454 2273 cibo
482 2215 534 2272 illo
563 2216 614 2291 qui
643 2218 754 2273 Manna
782 2217 828 2272 rel
857 2218 971 2273 Manhu
1000 2215 1126 2287 dicitur;
1151 2236 1211 2290 quo

183 2314 326 2378 aopatres
350 2302 534 2360 miraculose
563 2302 593 2359 in
622 2304 687 2377 lege
714 2302 807 2359 veteri
836 2316 905 2360 sunt
934 2302 1025 2360 cibati
1054 2309 1098 2373 (ut
1128 2316 1212 2378 patet

224 2389 349 2447 Numeri
372 2391 462 2463 XXl).
487 2392 524 2446 Et
548 2404 660 2464 quante
689 2389 802 2446 distant
831 2389 880 2447 isti
908 2408 1002 2465 panes
1031 2389 1062 2447 in
1091 2404 1211 2460 natura,

224 2489 308 2534 tante
336 2477 423 2552 panis
452 2476 615 2534 eukaristie
643 2490 672 2534 et
700 2475 787 2552 panis
817 2477 867 2552 qui
898 2489 942 2534 est
966 2477 1212 2536 substancialiter

224 2581 334 2639 corpus
358 2563 470 2621 Christi
495 2563 638 2620 differunt
667 2563 698 2620 in
721 2576 840 2634 natura,
869 2565 939 2622 licet
963 2564 993 2621 in
1022 2565 1087 2640 lege
1110 2565 1211 2640 gracie

225 2654 264 2709 ad
287 2650 434 2708 unitatem
460 2650 679 2726 suppositalem
710 2651 813 2726 aliquo
842 2654 934 2709 modo
959 2653 1111 2730 tendatur,
1141 2671 1210 2709 cum

184 2740 214 2792 25
224 2738 311 2813 panis
335 2738 566 2797 sacramentalis
584 2752 725 2796 constans
750 2757 783 2795 ex
799 2751 878 2796 terre
902 2738 1050 2796 fructibus
1074 2739 1112 2796 sit
1129 2739 1210 2796 idem

224 2825 254 2882 in
288 2844 416 2883 numero
446 2844 515 2882 cum
549 2843 676 2900 corpore
704 2825 816 2884 Christi
845 2826 1115 2897 sacramentaliter,
1150 2845 1210 2883 non

223 2912 411 2971 naturaliter.
436 2913 573 2970 Christus
597 2926 698 2970 autem
720 2915 821 2989 quoad
844 2927 984 2972 naturam
1008 2932 1093 2972 suam
1112 2926 1211 2989 potest

225 2999 341 3057 mistice
358 2999 417 3057 dici
429 3000 525 3075 panis,
543 3013 572 3057 et
588 3000 665 3057 sicut
682 3000 848 3059 delectacio
865 3001 896 3058 in
912 3004 1022 3060 Manna
1037 3001 1212 3059 variabatur

224 3089 388 3145 secundum
417 3089 528 3162 gradus
557 3087 757 3146 affeccionum
787 3089 1017 3147 comedencium
1052 3097 1095 3157 (ut
1127 3102 1210 3164 patet

182 3178 214 3229 30
225 3177 295 3250 Sap.
320 3176 425 3246 XV10),
449 3174 493 3231 sic
521 3174 607 3249 panis
636 3175 687 3250 qui
717 3189 760 3233 est
785 3176 922 3233 Christus
951 3176 980 3232 iu
1005 3176 1211 3234 delectacione

224 3275 253 3319 et
269 3261 408 3337 profectu
425 3262 524 3336 ipsum
543 3262 771 3319 comedencium
796 3263 940 3321 variatur.
965 3265 1002 3318 Et
1026 3263 1103 3320 sicut
1121 3266 1210 3321 eden-

224 3348 303 3407 cium
328 3352 440 3407 Manna
457 3349 550 3424 aliqui
575 3349 716 3407 dicebant
740 3350 843 3406 Animo
861 3362 961 3407 nostro
987 3362 1106 3407 nauseat
1121 3369 1211 3427 super

223 3437 284 3493 cibo
308 3437 362 3494 isto
379 3437 535 3509 leuissimo,
559 3436 635 3494 sicut
652 3437 810 3495 edencium
829 3456 939 3512 panem
957 3438 1208 3495 sacramentalem

224 3524 347 3599 quidam
385 3525 423 3581 ad
460 3523 505 3580 sui
543 3523 752 3599 inproperium
787 3524 936 3599 recipiunt
965 3537 993 3580 et
1027 3527 1211 3582 manducant

184 3611 342 3668 35dicente
374 3611 523 3686 Apostolo
561 3631 585 3668 r.
616 3612 685 3669 Cor.
715 3613 780 3682 Xl⁰,
811 3626 865 3685 29:
906 3611 965 3680 Qui
995 3613 1151 3668 manducat
1184 3623 1211 3668 et

225 3699 291 3755 bibit
314 3698 443 3776 indigne,
467 3698 604 3755 iudicium
628 3699 684 3756 sibi
705 3700 862 3755 ritanducat
884 3709 912 3755 et
935 3698 1010 3754 bibit.

265 3788 303 3842 Et
320 3797 403 3860 patet
420 3787 501 3861 quod
518 3798 580 3843 tam
604 3786 692 3861 panis
709 3785 760 3861 qui
778 3799 821 3842 est
839 3784 1084 3842 substancialiter
1101 3803 1210 3860 corpus
1230 3795 1331 3853 litte-acy
1345 3798 1371 3857 ot·
1383 3797 1421 3858 ure

225 3871 335 3931 Christi
352 3891 443 3948 quam
461 3873 547 3948 panis
564 3873 616 3948 qui
633 3887 676 3931 est
693 3872 956 3930 sacramentaliter
973 3891 1083 3947 corpus
1099 3872 1210 3931 Christi
1227 3848 1423 3957 ortggobtggrgctgfn

224 3962 313 4018 habet
348 3960 437 4018 istam
467 3959 634 4019 efficaciam
664 3962 765 4035 quoad
794 3961 926 4035 perfecte
954 3974 982 4018 et
1014 3959 1211 4036 spiritualiter
1282 3952 1368 3997 0¹⁶⁵&

274 4192 296 4232 4.
312 4179 331 4223 E
344 4178 368 4222 in
384 4191 471 4233 marg:
487 4179 581 4235 presciti
596 4180 624 4222 al.
640 4191 702 4222 man.
765 4192 788 4227 o.
804 4179 856 4222 uE:
871 4191 957 4234 eorpus
972 4180 1043 4222 deest.
1112 4178 1139 4223 15.
1154 4178 1173 4221 E
1187 4179 1210 4221 in

224 4243 307 4286 marg:
323 4231 385 4274 Nota
401 4232 464 4274 bene.
505 4231 541 4276 26.
552 4231 571 4275 E
581 4232 604 4276 in
616 4244 701 4287 marg:
718 4228 786 4275 Panis
801 4232 974 4275 sacramentalis
988 4240 1022 4275 cst
1037 4231 1099 4276 idern
1114 4243 1212 4275 numero

224 4295 276 4328 curn
290 4295 390 4340 corpore
404 4284 500 4328 Christi.
555 4283 591 4338 34.
607 4284 659 4329 DE:
675 4285 819 4340 properium.

279 4441 316 4477 ιι.
336 4427 396 4479 ioh.
411 4428 453 4491 Vl,
474 4427 515 4496 59.
587 4426 628 4478 ³2.
647 4427 725 4479 Num.
743 4427 812 4490 XXI,
832 4425 855 4477 5.
