3166 5212
248 484 478 570 sraiioxxxvd
596 504 754 556 secunus
776 505 870 555 eras.

292 667 350 721 Sed
380 666 450 739 quia
486 666 632 737 contingit
667 665 708 721 sic
738 664 939 721 turrilicantes
973 685 1042 738 sepe
1073 669 1236 739 procedere

250 756 411 826 pugnando
455 771 522 808 curn
567 753 713 822 hostibus,
750 753 817 809 ideo
862 755 1028 810 secundum
1067 754 1235 827 exemplum

250 839 358 897 Christi
389 853 432 896 est
461 842 498 896 de
527 858 594 913 rege
624 839 674 914 qui
704 853 747 896 est
777 859 844 896 curn
875 839 1005 897 exercitu
1035 853 1235 914 pugnaturus:

253 928 335 1003 Quis,
369 926 475 1002 inquit,
510 945 567 983 rea·
603 928 697 983 iturus
734 928 915 983 committere
952 928 1056 984 bellum
1094 929 1238 985 adversus

224 1016 337 1070 ialirrm
371 1033 481 1092 regem,
510 1034 602 1070 rronrre
627 1017 729 1071 sedens
755 1015 840 1091 prius
863 1015 973 1092 cogitat
996 1016 1022 1071 si
1048 1016 1140 1091 possit
1173 1033 1236 1071 cum

249 1104 345 1157 decem
383 1101 510 1157 millibus
546 1121 703 1158 occurrere
738 1103 765 1157 ei
796 1103 844 1176 qiri
877 1121 940 1157 cum
976 1102 1080 1179 uiginti
1111 1102 1238 1157 millibus

251 1190 324 1245 verrit
341 1190 380 1243 ad
395 1191 515 1244 sef’lste
533 1207 582 1244 rex
599 1202 641 1245 est
654 1189 825 1264 quicunque
842 1189 993 1245 virtuosus
1004 1190 1054 1263 qui
1071 1191 1235 1246 secundum
1254 1201 1304 1245 The
1320 1201 1380 1255 lting
1396 1202 1449 1244 wrm

250 1277 320 1332 istas
352 1275 477 1331 virtutes
510 1276 630 1332 edificat
664 1276 719 1332 sibi
756 1276 875 1335 turrim.
911 1278 962 1332 sed
996 1295 1045 1333 rex
1085 1276 1160 1333 alius
1194 1290 1237 1332 est

250 1364 395 1436 dyabolus
412 1362 462 1436 qui
481 1375 524 1418 est
543 1382 591 1419 rex
608 1382 697 1438 super
714 1382 819 1420 omnes
838 1363 915 1420 lilios
933 1363 1073 1436 superbie
1090 1383 1157 1420 cum
1176 1382 1237 1437 quo

210 1463 369 1524 inoportet
395 1449 560 1524 quemlibet
585 1450 822 1525 predestinatum
854 1452 891 1507 ad
919 1450 1046 1523 gloriam
1071 1453 1236 1510 decertare.

251 1538 317 1594 ideo
339 1550 459 1611 oportet
476 1537 566 1593 istum
589 1538 619 1593 in
637 1538 737 1611 quiete
759 1551 787 1593 et
804 1537 904 1594 studio
922 1538 1064 1611 cogitare,
1082 1539 1238 1612 quomodo

251 1644 318 1681 curn
338 1625 467 1697 dyabolo
484 1638 512 1680 et
529 1623 590 1681 suis
608 1624 807 1698 complicibus
819 1625 994 1681 decertabit.
1014 1629 1123 1681 Decem
1136 1640 1236 1681 autem

252 1711 344 1767 millia
368 1725 436 1767 sunt
461 1711 632 1785 spirituales
656 1712 810 1768 adiutores
834 1711 1038 1769 universitatis
1062 1728 1237 1769 sanctornm

251 1798 398 1855 stantium
416 1798 445 1854 in
462 1798 656 1856 observancia
672 1801 896 1861 mandatorum.
909 1812 936 1855 et
947 1799 1049 1873 viginti
1065 1799 1159 1856 millia
1170 1812 1238 1855 sunt

210 1891 457 1960 imposturarum
479 1886 657 1943 universitas
673 1886 724 1960 qui
742 1888 907 1942 secundum
925 1886 1067 1942 infamem
1086 1886 1237 1943 binarium

251 1973 504 2047 prevaricationis
538 1973 673 2046 decalogi
704 1973 906 2047 duplicantur.
944 1974 1019 2029 Cum
1049 1973 1108 2030 isto
1137 1989 1237 2030 autem

250 2060 380 2117 exercitu
404 2073 525 2134 oportet
545 2060 710 2116 virtuosum
732 2061 810 2116 exire
831 2080 886 2134 pro
909 2061 1025 2135 premio
1046 2062 1083 2117 ad
1104 2079 1239 2135 pugnan-

251 2150 336 2209 dum:
349 2147 416 2203 ideo
428 2147 526 2221 ipsum
538 2161 658 2221 oportet
669 2147 699 2203 in
711 2160 811 2204 castro
822 2148 966 2203 virtutum
981 2150 1090 2205 habere
1105 2148 1236 2203 studium

250 2236 294 2290 rel
318 2234 544 2309 providenciam
569 2237 725 2308 quomodo
749 2248 867 2291 tantum
893 2235 1055 2292 exercitum
1073 2234 1237 2309 superabit.

208 2341 239 2373 :o
293 2325 328 2377 Et
353 2340 420 2377 cum
447 2335 602 2378 armatura
625 2321 791 2396 spiritualis
816 2322 846 2377 in
870 2322 926 2379 ista
951 2341 1051 2396 pugna
1075 2322 1113 2378 sit
1137 2340 1237 2378 neces-

1278 1267 1357 1298 comes
1372 1254 1426 1297 with

1268 1319 1350 1350 aoooo
1365 1307 1384 1349 is
1399 1307 1437 1350 the

1317 1358 1386 1402 deril.

1281 2332 1385 2387 §ending
1399 2345 1428 2392 an

1266 2386 1403 2440 ambassuge
1417 2399 1438 2427 rs

250 2409 337 2477 saria,
363 2422 483 2481 oportet
508 2411 589 2483 quod
614 2411 650 2466 de
674 2409 738 2483 ipsa
763 2408 888 2466 omnino
912 2409 1083 2482 provideat;
1112 2410 1238 2484 olioqrnn
1262 2438 1441 2491 nomam-wo

250 2497 379 2574 drabriln
407 2507 512 2572 agente
539 2514 609 2552 suos
639 2496 764 2552 insultus
794 2497 881 2573 longe
905 2515 921 2552 a
946 2496 994 2553 die
1018 2495 1121 2553 iudicii
1146 2489 1455 2552 rrrittet¹¹¹⁰d⁰li¹'⁵⁵5³“=

250 2584 427 2660 legacionem
457 2597 612 2657 tamquam
642 2602 778 2640 asserens
801 2602 832 2639 se
856 2583 1027 2640 convictum
1053 2598 1080 2640 et
1106 2583 1237 2656 dyabolo

249 2671 351 2726 sedule
377 2669 568 2726 ministrabit.
594 2669 775 2744 Quicunque
799 2669 879 2726 enirn
904 2670 1010 2726 relicto
1029 2670 1139 2726 Christi
1165 2689 1236 2726 con-

209 2757 317 2813 sisilio
339 2756 460 2812 insudat
482 2757 512 2813 in
535 2756 655 2830 dyaboli
678 2757 847 2814 ministerio
870 2758 955 2812 mitti!
972 2758 1151 2834 legacionem
1169 2757 1237 2814 huic

251 2845 312 2917 regi
337 2835 485 2917 superbie.
515 2857 686 2917 protestans
714 2846 795 2918 quod
826 2845 888 2901 vult
917 2864 1010 2919 usque
1036 2843 1065 2899 in
1091 2845 1181 2900 linem
1208 2843 1236 2899 in

251 2951 304 2988 suo
338 2931 468 2987 exercitu
501 2931 641 2993 militare.
680 2946 708 2987 et
741 2946 866 3005 propter
905 2951 1010 3005 pacem
1051 2934 1236 2988 mundanam

253 3021 422 3075 habendam
447 3020 493 3075 sel
510 3019 723 3092 temporalium
750 3019 940 3075 affluenciam
967 3021 1003 3075 ad
1028 3020 1165 3075 horulam
1192 3019 1238 3074 hic

252 3107 280 3161 in
298 3106 346 3161 sia
363 3105 477 3179 obligat
499 3125 530 3162 se
547 3105 715 3179 proditorie
737 3125 768 3163 ex
787 3121 872 3180 parte
890 3106 1011 3179 dyaboli
1029 3106 1071 3162 sic
1088 3124 1238 3180 pugnare:

210 3200 319 3250 lunam
352 3192 459 3248 divisio
492 3193 669 3250 immediata
703 3207 747 3250 est
781 3195 862 3267 quod
896 3192 1096 3249 militancium
1133 3193 1179 3250 hic
1209 3193 1238 3248 in

251 3281 298 3337 sia
323 3279 487 3354 quemlibet
512 3294 632 3354 oportet
656 3282 702 3337 vel
727 3299 790 3336 esse
815 3299 883 3336 cum
902 3281 1022 3337 Christo
1047 3280 1096 3354 qui
1123 3294 1166 3336 est
1190 3299 1239 3336 rex

252 3367 348 3423 tocius
378 3368 492 3432 mundi,
518 3369 563 3424 rel
593 3387 661 3424 cum
687 3368 818 3440 dyabolo
842 3367 979 3440 principe
1004 3367 1090 3423 huius
1119 3367 1238 3428 nariodi:

252 3474 320 3510 nam
347 3468 378 3509 ut
402 3454 474 3510 dicit
490 3454 608 3511 Veritas
625 3464 632 3511 l
639 3459 716 3510 luce
734 3456 798 3515 Xl‘’,
818 3455 882 3524 '23th
905 3455 963 3521 Qui
985 3473 1039 3509 non
1063 3466 1104 3510 est
1130 3474 1239 3510 mecum

251 3543 406 3597 irdrrersnm
432 3561 477 3598 me
499 3552 551 3609 est,
567 3553 593 3597 ct
610 3543 658 3616 qui
673 3561 728 3597 mm
746 3542 858 3617 colligit
875 3560 984 3597 mecum
1002 3542 1154 3617 dispergit.
1181 3542 1239 3611 Qui

210 3628 329 3685 lienim
353 3647 414 3685 non
438 3628 551 3701 colligit
573 3647 640 3684 cum
660 3629 781 3684 Christo
798 3630 874 3684 sires
896 3627 996 3684 anime
1017 3648 1072 3701 pro
1094 3629 1238 3685 virtutum

251 3716 422 3789 sumptibus
456 3716 639 3789 exponendis
674 3715 817 3789 dispergit
852 3734 920 3772 cum
956 3716 1086 3788 dyabolo
1118 3715 1239 3773 sinistra

251 3821 344 3877 opera
361 3823 490 3876 quorum
509 3804 661 3860 naturales
679 3803 817 3877 potencie
839 3816 924 3859 erant
942 3804 978 3859 ad
998 3802 1088 3858 linem
1107 3803 1238 3876 priorem

252 3893 320 3947 date
344 3890 398 3946 sibi
426 3910 443 3947 a
468 3891 600 3947 Domino
624 3890 768 3961 graciose.

296 3981 331 4032 lit
354 3992 436 4051 patet
458 3997 490 4034 es
513 3997 655 4052 processu
680 3977 778 4034 tocius
798 3977 942 4049 euangelii
961 3979 1041 4050 quod
1059 3977 1100 4033 sic
1119 3977 1240 4033 conclu-

215 4067 383 4130 yodendum
419 4080 461 4120 est
490 4068 527 4120 de
556 4065 690 4139 quolibet
720 4063 832 4120 Christi
861 4063 1008 4137 discipulo
1037 4067 1118 4139 quod
1148 4065 1240 4120 ‹nrnn's

305 4209 318 4237 ι.
328 4198 361 4238 ,lt
374 4197 416 4238 sibi
429 4197 574 4239 turrilicnlos.
616 4210 635 4239 2.
648 4199 668 4239 h
680 4198 701 4238 in
714 4209 799 4245 ruera:
811 4196 953 4238 Sectrndnm.
997 4195 1014 4237 [3.
1027 4195 1057 4238 1⁴2:
1069 4196 1156 4239 Christi
1167 4197 1238 4239 deest.

252 4249 272 4288 ἀ.
289 4249 321 4290 h:
338 4260 482 4291 concurrere.
537 4250 557 4290 s,
570 4251 589 4291 :l
602 4249 623 4290 in
640 4261 726 4301 mara:
742 4248 786 4291 lle-s
802 4248 933 4301 drrpliciter.
990 4261 1019 4291 ro.
1036 4247 1088 4290 lm:
1103 4261 1171 4301 quem
1188 4261 1240 4308 pre·

251 4301 400 4343 destinatum.
456 4300 683 4356 n.l)l⁴2:ipsumin.
740 4299 942 4354 rillizspecialis.
999 4302 1238 4351 ri.1l:statunnrm.

252 4364 286 4402 ar.
304 4352 321 4394 e:
335 4352 357 4394 in
374 4365 459 4406 mirra:
475 4352 543 4395 Nota.
597 4351 630 4395 32.
646 4354 679 4395 A:
696 4353 776 4395 rnnndi
792 4354 863 4394 deest.
918 4351 952 4395 3⁵1.
969 4351 998 4394 li:
1013 4352 1121 4405 gloriose.

303 4461 380 4509 4-7.
403 4446 489 4494 Lucae
510 4445 579 4506 xlv,
599 4444 638 4494 31.
713 4458 752 4493 21.
772 4444 807 4492 ib.
830 4443 870 4492 32.
