3166 5212
677 487 846 537 tonsurus
861 485 999 537 wvctnr
1014 486 1208 536 snunouun
1264 464 1379 554 [statuo
1394 481 1442 526 tx.

455 645 619 704 materialis
643 644 815 703 substancia
839 663 901 702 non
923 643 1057 702 variatur
1080 645 1138 701 nisi
1162 644 1267 703 formis
1291 663 1350 720 que
1373 658 1443 702 sunt

454 733 655 791 accidentales
685 732 833 790 materiali
859 732 1000 803 essencie,
1025 745 1057 788 ut
1082 733 1174 789 homo
1198 732 1249 808 qui
1274 745 1318 790 est
1342 733 1443 808 prima

453 840 534 878 nunc
561 833 605 877 est
633 839 692 877 una
719 820 834 895 species
863 820 1000 894 corporis
1029 832 1057 877 et
1080 838 1160 876 nunc
1187 819 1247 877 alia
1275 822 1441 877 secundum

454 910 536 984 quod
564 906 615 964 illa
648 906 813 964 materialis
842 907 976 964 essencia
1003 906 1146 963 variatur.
1181 906 1312 981 Spiritus
1340 918 1442 965 autem

453 995 504 1070 qui
537 1008 580 1052 est
612 993 714 1051 anima
748 996 880 1051 humana
913 1007 957 1051 est
991 1013 1084 1067 genus
1118 1007 1255 1051 creature
1283 993 1468 1051 cuiuslibet5

453 1081 628 1157 spiritualis.
1096 1093 1097 1096 ’

244 1178 280 1220 att
297 1179 382 1232 priests
396 1190 435 1220 arc
496 1171 554 1226 Sed
582 1168 682 1225 notari
711 1169 799 1225 debet
829 1167 994 1224 moralibus
1023 1171 1179 1244 quomodo
1209 1167 1325 1225 cunctis
1354 1168 1443 1226 disci-

275 1229 358 1272 bidden
375 1237 397 1271 tn

292 1282 383 1336 preach.

253 2392 385 2437 Command
401 2400 425 2435 to

290 2446 388 2498 baptiza.

452 1256 531 1331 pulis
560 1270 588 1312 et
613 1255 643 1311 in
666 1254 739 1330 ipsis
764 1255 879 1312 cunctis
907 1255 1090 1330 presbyteris
1117 1255 1283 1329 iniungitur
1306 1255 1441 1313 officium

452 1342 637 1418 predicandi,
655 1342 825 1399 annectitur
841 1341 968 1399 materia
984 1344 1030 1399 vel
1049 1342 1121 1418 quid
1139 1345 1267 1400 debeant
1284 1342 1443 1417 predicare

453 1445 481 1489 et
492 1429 639 1487 limitatur
650 1428 835 1486 auditorium
846 1428 895 1486 cui
911 1428 1116 1486 indifferenter
1127 1431 1256 1487 debeant
1268 1430 1441 1505 predicare:
1456 1451 1486 1485 to

452 1538 521 1576 nam
556 1517 656 1593 quoad
694 1515 825 1590 primum
865 1515 896 1572 in
929 1517 993 1590 lege
1027 1515 1137 1573 Christi
1171 1536 1232 1574 non
1264 1517 1442 1574 fundabitur

452 1606 534 1681 quod
563 1604 660 1661 clerus
688 1621 721 1660 ex
749 1602 892 1660 instinctu
915 1602 969 1660 Dei
999 1617 1099 1660 motus
1127 1622 1181 1678 per
1214 1603 1443 1662 iurisdicciones

452 1694 600 1749 humanas
617 1691 693 1748 foret
709 1691 747 1746 ab
758 1689 816 1747 isto
832 1709 924 1764 opere
940 1690 1124 1765 prepeditus.
1150 1692 1258 1760 Quoad
1274 1693 1441 1749 secundum

453 1793 536 1855 patet
567 1779 648 1854 quod
685 1777 891 1852 predicatores
929 1796 990 1834 non
1024 1780 1134 1835 debent
1165 1777 1323 1853 predicare
1356 1779 1442 1836 fictas

453 1868 578 1937 fabulas,
607 1884 638 1921 se
662 1864 744 1939 ipsos
767 1866 813 1921 vel
841 1883 911 1921 suos
941 1866 1070 1922 honores
1100 1879 1150 1922 aut
1180 1867 1343 1923 commoda
1366 1872 1484 1923 tem-15

452 1953 579 2029 poralia.
618 1954 654 2008 Et
682 1954 782 2026 quoad
815 1950 942 2008 tercium
976 1965 1060 2026 patet
1092 1954 1173 2027 quod
1203 1951 1442 2026 evangelizantes

452 2060 514 2098 non
536 2043 645 2098 debent
661 2039 819 2114 predicare
840 2037 1032 2112 singulariter
1048 2042 1162 2114 populo
1184 2041 1220 2097 de
1237 2059 1298 2115 quo
1319 2053 1441 2115 sperant

453 2129 569 2185 lucrum
607 2125 779 2182 huiusmodi
812 2126 863 2182 sed
896 2125 1102 2184 indifferenter
1135 2126 1321 2201 evangelium
1356 2127 1439 2184 omni

453 2229 605 2286 creature;
622 2215 673 2270 sed
691 2212 781 2270 hodie
798 2226 878 2269 totus
894 2212 951 2270 iste
968 2215 1043 2270 ordo
1058 2214 1202 2289 evangelii
1219 2232 1273 2289 per
1284 2213 1439 2272 diabolum

453 2314 497 2360 est
521 2320 651 2359 eversus.
1452 2322 1485 2356 ro

497 2393 529 2445 ln
552 2388 645 2446 tercia
669 2400 754 2462 parte
778 2386 923 2461 evangelii
947 2389 1073 2444 docetur
1096 2389 1211 2445 fructus
1235 2387 1322 2444 huius
1346 2387 1440 2445 officii

452 2490 481 2533 et
506 2494 634 2551 perque
657 2475 742 2548 signa
767 2473 854 2530 huius
879 2473 942 2531 eius
967 2475 1117 2532 rectitudo
1141 2474 1252 2549 poterit
1276 2475 1440 2532 declarari:

456 2564 524 2641 Qui,
552 2562 660 2638 inquit,
689 2562 847 2618 crediderit
879 2572 905 2616 et
933 2561 1097 2641 baptizatus
1117 2562 1216 2637 suerit
1243 2562 1343 2618 salvus
1370 2563 1442 2622 erit:

451 2651 501 2726 qui
516 2668 656 2706 veronen
673 2649 1113 2724 credideritcondempnabitur.
1137 2653 1213 2706 Nam
1238 2648 1296 2706 fide
1318 2651 1442 2707 credere

451 2737 506 2794 fuit
527 2755 646 2811 semper
667 2734 870 2792 necessarium
892 2734 1015 2792 cuilibet
1030 2735 1138 2793 viatori
1155 2735 1178 2792 si
1196 2735 1305 2793 salvari
1322 2738 1441 2807 debeat,
1454 2744 1483 2793 25

452 2838 480 2881 et
510 2841 577 2880 cum
607 2836 671 2879 tota
700 2822 774 2878 fides
801 2821 972 2879 necessario
1001 2822 1152 2896 colligitur
1175 2822 1205 2878 in
1230 2821 1331 2880 media
1354 2836 1441 2899 parte

451 2910 571 2967 simboli
605 2910 756 2966 credendo
785 2908 814 2965 in
844 2908 1001 2965 dominum
1030 2912 1130 2967 Jesum
1161 2909 1326 2980 Christum,
1357 2923 1441 2985 patet

452 2999 533 3073 quod
554 2996 605 3054 illa
627 2996 700 3053 lides
721 3014 779 3070 que
800 3010 844 3053 est
860 2996 1048 3070 evangelium
1072 3010 1115 3055 est
1131 2997 1318 3054 necessarius
1340 2999 1441 3072 predi-

452 3087 558 3143 canda.
598 3082 741 3152 Quamvis
774 3097 875 3140 autern
909 3084 1083 3157 predicator
1115 3103 1175 3141 non
1205 3103 1258 3158 per
1286 3102 1319 3141 se
1348 3085 1438 3142 fidem

451 3171 552 3242 saciat,
581 3173 633 3227 sed
663 3170 799 3226 Christus
831 3170 909 3226 intus
938 3189 1077 3245 operans,
1102 3184 1332 3245 verumptamen
1358 3177 1484 3230 recteto

451 3259 610 3334 predicans
634 3271 677 3315 est
695 3256 806 3313 Christi
829 3276 977 3331 organum
1002 3277 1069 3315 cum
1091 3277 1152 3332 quo
1178 3259 1267 3316 tidem
1292 3259 1440 3333 evangelii

451 3345 588 3403 Christus
624 3343 725 3419 sepius
759 3358 913 3418 operatur,
951 3345 1021 3420 quia
1059 3344 1139 3402 iuxta
1171 3347 1351 3420 Apostolum
1389 3348 1439 3417 (ad

452 3436 538 3489 Rom.
567 3435 619 3504 X0,
649 3438 695 3505 17)
729 3432 840 3488 Christi
865 3431 946 3508 fides
983 3451 1021 3488 ex
1058 3433 1169 3489 ariditn.
1209 3437 1285 3490 Nam
1320 3451 1441 3491 summe

451 3519 577 3594 Sapiens
601 3538 662 3576 non
686 3518 841 3576 ordinaret
865 3521 902 3575 ad
927 3519 1142 3594 publicandam
1168 3519 1257 3577 fidem
1276 3519 1356 3578 istud
1373 3521 1441 3577 offi-

452 3606 541 3675 cium,
559 3605 616 3663 nisi
632 3605 804 3681 specialiter
819 3605 874 3662 sibi
899 3605 1061 3677 assisteret,
1087 3605 1177 3663 finem
1202 3626 1290 3681 quem
1317 3607 1482 3664 ordinat35

451 3693 658 3769 adimplendo.
683 3695 770 3751 Unde
793 3693 918 3750 Matthei
940 3695 992 3766 X⁰‚
1011 3709 1050 3750 20
1074 3693 1215 3750 elidendo
1238 3694 1440 3769 predicatoris

451 3781 624 3856 superbiam
653 3794 681 3837 et
709 3780 908 3837 confortando
937 3799 1041 3837 eorum
1072 3780 1276 3839 diffidenciam
1302 3781 1441 3839 Christus

451 3869 494 3926 sic
517 3867 664 3944 loquitur:
688 3868 754 3923 Non
775 3868 848 3924 enim
867 3887 917 3923 vos
937 3869 1005 3924 estis
1020 3867 1069 3944 qui
1084 3868 1234 3943 loquimini
1251 3870 1304 3926 sed
1317 3870 1441 3945 spiritus

452 3956 552 4012 Patris
576 3955 666 4011 vestri
687 3955 736 4029 qni
758 3955 886 4030 loquitur
908 3956 936 4010 in
961 3956 1048 4012 vobis.

495 4041 701 4099 Prcdicacioni
730 4056 829 4098 autem
855 4056 975 4116 oportet
999 4041 1239 4117 baptizacionem
1263 4043 1438 4118 adiungere,
1450 4066 1483 4114 40

452 4148 538 4194 cum,
560 4148 612 4203 per
650 4131 706 4185 hoc
744 4129 891 4186 memoria
929 4129 1077 4204 passionis
1118 4144 1146 4186 et
1185 4130 1291 4187 mortis
1324 4131 1438 4188 Christi

452 4216 592 4273 devocius
614 4229 800 4273 memoratur
817 4230 844 4272 et
862 4217 934 4273 ideo.
946 4216 1114 4291 baptismus
1132 4217 1265 4274 fluminis
1282 4236 1299 4275 a
1314 4219 1440 4275 Christo

503 4434 535 4480 33.
552 4436 589 4481 X0.
607 4447 629 4490 17
643 4437 705 4478 deest
721 4437 743 4477 iu
758 4437 810 4479 cod.
865 4435 895 4480 35.
912 4437 955 4480 uisi
971 4437 1042 4480 deest.
