3166 5212
225 471 328 518 samio
343 461 406 550 vii]
578 479 740 533 SECUNDA
761 478 855 530 etita.

226 651 326 697 autern
349 639 494 698 retribuet
515 640 576 697 suis
598 641 745 698 militibus
767 660 822 715 pro
843 642 1042 700 tribulacione
1059 644 1210 718 completa

225 726 396 785 delectabili
417 740 445 784 et
469 747 603 801 congrua
623 728 733 785 talibus
756 727 902 786 militibus
922 729 1101 804 pertinente,
1127 729 1211 786 cuius

226 826 309 871 carta
331 814 483 872 sufficiens
505 828 548 872 est
569 815 703 872 veritatis
724 815 870 873 assercio:
895 817 996 887 Amen,
1016 817 1125 892 inquit,
1147 818 1211 872 dico

225 901 305 957 vobis
319 903 397 977 quod
420 921 472 959 vos
494 903 543 977 qui
564 904 655 959 secuti
677 903 744 959 estis
767 905 862 960 mein
887 905 1122 981 regeneruci'orie,
1146 922 1209 960 cum

200 989 332 1045 5sederir
350 989 437 1067 filius
465 990 587 1045 dominis
614 990 642 1045 iii
669 990 737 1046 sede
764 991 922 1047 niaiestatis
945 1010 1005 1065 sue,
1027 991 1162 1048 sedebitis
1184 1001 1212 1048 et

225 1093 276 1132 vos
291 1094 380 1153 super
395 1077 478 1133 sedes
488 1077 638 1133 duodecim
655 1077 814 1133 iudicantes
831 1078 982 1134 duodecim
999 1079 1092 1134 tribus
1104 1078 1213 1147 Israel;

224 1163 276 1219 ubi
299 1182 354 1238 per
376 1166 478 1221 sedem
504 1162 669 1221 maiestatis
693 1163 870 1238 intelligitur
893 1165 987 1222 eterni
1013 1164 1095 1239 regni
1118 1165 1211 1221 collo·

225 1250 310 1309 cacio
342 1270 360 1309 a
392 1270 453 1328 quo
484 1270 546 1308 non
580 1250 691 1325 poterit
723 1251 867 1308 amoveri.
906 1254 961 1308 Per
992 1254 1078 1309 sedes
1109 1265 1211 1317 autem
1222 1259 1273 1304 The
1291 1261 1428 1316 promiscis

225 1338 385 1396 duodecim
424 1337 602 1423 intelligitur
643 1339 852 1413 apostolorum
895 1351 923 1396 et
960 1356 1212 1420 quorumcunque
1262 1315 1394 1422 ‘sss‘iiiffgff

183 1426 412 1500 ioprelatoruni
449 1424 725 1500 predestinatorum
763 1426 880 1484 locacio
913 1444 971 1502 que
1004 1446 1072 1484 cuin
1110 1427 1148 1484 sit
1180 1426 1211 1483 in

225 1512 411 1570 beatitudine
432 1532 492 1570 non
514 1525 613 1587 potest
635 1513 763 1571 deiicere
783 1514 830 1571 vel
851 1513 964 1571 destrui
986 1533 1040 1589 per
1055 1527 1210 1588 tyrannos.

225 1601 437 1658 Duodenarius
473 1618 544 1674 ergo
577 1599 628 1675 qui
661 1613 705 1657 est
737 1619 881 1658 numerus
913 1600 1117 1659 universitatis
1148 1619 1210 1659 non

224 1686 417 1762 singulariter
444 1686 542 1762 signat
569 1687 637 1744 illos
666 1687 827 1745 duodecim
855 1690 1020 1763 apostolos,
1045 1707 1114 1746 curn
1139 1701 1211 1746 tunc

224 1773 364 1832 Scarioth
393 1787 530 1849 regnaret
559 1788 588 1832 et
611 1776 721 1831 Paulus
743 1775 820 1832 foret
844 1775 900 1833 sibi
924 1775 1072 1833 subditus.
1096 1779 1134 1833 Et
1157 1794 1211 1851 per

185 1861 386 1919 i5duodecim
415 1861 511 1919 tribus
535 1863 627 1919 lsrael
653 1861 830 1935 intelligitur
857 1862 1036 1920 universitas
1060 1864 1209 1920 bonorum

224 1946 276 2025 qui
296 1948 423 2007 subiecti
445 1949 569 2024 prelatis
586 1948 637 2024 qui
658 1948 740 2024 ipsos
760 1963 926 2023 genuerant
943 1951 1040 2007 Deum
1055 1949 1210 2007 videbunt.

225 2038 261 2092 Et
281 2036 324 2094 sic
341 2036 372 2093 in
388 2036 471 2093 finali
488 2035 601 2094 iudicio
622 2049 777 2110 resurgent
794 2051 854 2094 tres
876 2036 1025 2094 maneries
1041 2036 1210 2105 hominurn,

223 2122 315 2198 primi
341 2123 449 2199 prelati
473 2124 608 2182 salvandi
633 2123 685 2198 qui
708 2123 777 2180 licet
801 2143 818 2181 a
842 2124 975 2181 Domino
998 2123 1212 2182 iudicabuntur

223 2223 404 2269 nontamen
428 2210 470 2268 sic
494 2211 708 2268 iudicabuntur
732 2230 750 2269 a
772 2210 900 2268 subditis
922 2230 997 2286 quos
1021 2223 1210 2281 converterit;

180 2314 213 2350 ιο
224 2298 348 2355 secundi
375 2313 445 2356 sunt
472 2298 584 2355 subditi
612 2317 674 2355 non
702 2299 810 2372 prelati
836 2298 886 2374 qui
910 2300 1056 2355 tenebunt
1079 2298 1211 2355 finaliter

223 2386 319 2461 legem
343 2385 465 2457 Christi,
490 2399 518 2444 et
543 2385 628 2443 tercii
651 2399 720 2442 sunt
744 2385 931 2460 dampnandi
955 2385 1007 2460 qui
1032 2387 1077 2459 (ut
1100 2384 1212 2443 dicitur

224 2474 333 2531 Psalm.
364 2476 401 2545 1⁰,
429 2473 459 2546 5)
489 2492 544 2529 non
568 2483 726 2550 resurgent
747 2473 830 2549 impii
860 2474 887 2528 in
920 2473 1025 2530 iudicio
1056 2472 1140 2530 finali
1172 2474 1210 2530 ad

223 2559 362 2635 gloriam.
384 2563 421 2617 Et
437 2559 555 2619 videtur
571 2561 654 2634 quod
670 2559 843 2635 quicunque
859 2560 890 2616 in
907 2561 965 2617 hoc
981 2561 1083 2618 seculo
1099 2557 1211 2634 accipit

223 2646 387 2721 prelaciam
410 2649 459 2705 vel
485 2646 702 2723 dampnabitur
723 2648 770 2704 vel
797 2646 829 2703 in
852 2647 911 2705 alia
935 2650 1005 2704 sede
1029 2646 1210 2705 duodecima

181 2733 362 2792 abbeatifice
394 2734 549 2792 iudicabit.
586 2735 682 2792 Aliter
713 2735 792 2792 enim
826 2753 887 2792 non
923 2734 1041 2810 perficit
1073 2733 1209 2792 osticium

223 2823 306 2897 quod
333 2822 459 2879 assumit
488 2824 569 2897 quod
598 2822 622 2879 si
646 2840 708 2880 non
732 2822 803 2880 iacit
826 2821 999 2898 quicunque
1026 2821 1209 2880 christianus

224 2907 451 2984 dampnabitur.

267 2998 329 3054 Nec
346 2995 533 3071 intelligendi
549 3009 619 3053 sunt
635 2995 683 3053 hic
699 2997 797 3053 solum
815 2995 923 3070 prelati
940 2995 991 3071 qui
1012 2995 1210 3071 preficiuntur
1234 3015 1320 3062 among
1334 3004 1413 3049 whom

225 3082 410 3154 humanitus,
434 3085 486 3140 sed
510 3089 553 3154 (ut
577 3083 754 3158 plurimum)
781 3083 832 3158 qui
856 3082 920 3140 sine
943 3083 1132 3158 prefeccione
1156 3058 1427 3154 hu-wiiififgffl‘i'i„

179 3167 214 3221 30
226 3188 316 3228 mana
343 3169 541 3244 preficiantur
569 3169 721 3240 divinitus,
754 3170 961 3246 cuiuscunque
989 3184 1095 3242 status,
1123 3189 1210 3228 sexus
1242 3161 1368 3258 ‘Pl’fjgggd
1383 3170 1408 3206 ¹⁰

153 3240 270 3338 ¹³⁰¹·vel
289 3255 479 3315 condicionis
502 3257 622 3315 luerint.
651 3257 701 3314 Sic
722 3257 800 3314 enini
822 3276 949 3332 magnus
970 3258 1102 3332 prelatus
1124 3257 1179 3316 fuit
1205 3257 1208 3301 i
1356 3246 1361 3257 ¹

154 3311 204 3380 ¹⁸⁹
224 3344 370 3420 Baptista,
394 3346 507 3402 habens
529 3347 585 3402 sub
609 3363 640 3401 se
664 3364 805 3419 magnum
831 3345 1046 3402 heremitarum
1068 3364 1209 3417 cuneum,

223 3446 253 3490 et
288 3432 418 3490 aliorum
451 3431 618 3489 vivencium
652 3433 744 3489 vitain
777 3432 945 3489 solitariam
979 3433 1025 3489 vel
1058 3434 1209 3507 penalem.

223 3519 324 3595 Magni
340 3519 437 3578 eciam
455 3519 564 3594 prelati
581 3533 666 3576 erant
683 3519 803 3590 milites,
821 3533 968 3594 martyres
984 3519 1036 3595 qui
1059 3520 1089 3576 in
1105 3521 1210 3577 labore

180 3609 212 3661 35
223 3606 398 3665 certaminis
427 3607 565 3665 subditos
593 3607 822 3678 confirmarunt,
852 3621 881 3665 et
909 3606 951 3664 sic
980 3608 1017 3663 de
1043 3607 1210 3681 virginibus

222 3707 253 3751 et
273 3693 340 3751 aliis
360 3694 507 3752 ministris
531 3693 657 3753 ecclesie
679 3696 766 3769 longe
785 3696 854 3770 plus
875 3693 1006 3769 copiosis
1026 3713 1119 3768 quarn
1140 3708 1210 3751 sunt

222 3780 331 3855 prelati
353 3781 471 3840 cesarii.
495 3785 557 3840 Nec
580 3781 807 3857 intelligendum
832 3783 979 3856 estquod
1003 3780 1077 3838 nulli
1101 3779 1210 3855 prelati

275 4029 291 4064 t.
305 4017 359 4062 DE:
373 4018 455 4062 retinet
469 4030 525 4061 suos
539 4018 637 4065 milites:
650 4018 681 4061 ib.
693 4017 711 4060 E
725 4018 749 4061 in
764 4029 849 4073 marg:
866 4031 909 4073 pro
923 4017 1087 4063 retribucione.
1136 4033 1160 4074 ⁴·
1174 4021 1210 4063 A:

223 4069 247 4114 in
261 4071 441 4114 resurreccione.
535 4071 557 4113 6.
573 4072 607 4114 A:
622 4070 745 4113 duodecim
761 4069 833 4113 deest.
927 4082 947 4125 7.
963 4070 981 4114 E
995 4071 1018 4114 iu
1034 4084 1122 4134 marg:
1136 4073 1211 4116 Sedes

223 4123 363 4175 maiestatis;
384 4123 416 4167 ib.
430 4125 464 4165 A:
481 4135 504 4165 rc
522 4122 548 4165 'a
624 4124 646 4166 8.
662 4122 714 4166 DE:
730 4125 851 4167 removeri.
930 4135 961 4183 ¹4.
976 4122 1029 4166 DE:
1044 4126 1144 4168 subitus.
1159 4126 1209 4167 Per.

224 4175 255 4218 iti.
270 4174 300 4218 E:
316 4175 416 4227 subditi;
435 4175 467 4218 D:
483 4189 509 4218 su
528 4175 580 4219 iccti
595 4176 617 4218 in
634 4183 708 4219 textu:
724 4175 746 4217 in
762 4187 849 4237 marg:
865 4176 960 4219 subditi.
1015 4188 1046 4231 17.
1057 4177 1111 4221 liin
1122 4189 1210 4231 marg:

222 4225 283 4271 Tree
295 4228 392 4271 ordines
406 4228 588 4283 resurgentium.
687 4226 717 4271 18.
731 4227 765 4270 A:
788 4229 858 4282 primi
873 4228 944 4271 deest.
1046 4241 1077 4284 ¹9·
1093 4229 1126 4272 A:
1142 4229 1210 4271 sicut.

222 4288 254 4323 ai.
264 4279 318 4324 DE:
333 4281 340 4323 l
383 4291 405 4322 in
416 4279 504 4324 Christi
519 4280 590 4322 deest.
644 4291 678 4322 aa.
689 4279 745 4322 All:
760 4279 827 4334 impii
843 4281 919 4329 decem
934 4280 965 4322 ib.
976 4278 1007 4323 13:
1022 4279 1089 4334 impii
1100 4281 1124 4322 in
1135 4292 1210 4333 marg.

223 4331 277 4376 aad.
340 4292 412 4378 35ss
456 4333 588 4375 uoddeeet.
662 4331 994 4387 24.Aiiimarg.:Notiidc
1026 4332 1209 4379 relatis2ib.A:

222 4382 355 4430 duodecim.
430 4345 465 4428 dd.
481 4385 538 4428 iiin
554 4396 640 4445 marg:
656 4384 882 4444 ltrelutusquisest.
959 4344 1042 4433 eoi:
1057 4384 1210 4439 perfeccione.

222 4434 259 4482 ³⁰.
273 4436 327 4482 DE:
340 4450 411 4482 aaut
424 4437 495 4481 deest.
548 4435 584 4492 37.
599 4437 629 4480 la:
644 4435 694 4479 Nec
707 4438 865 4491 intelligimus.
