3166 5212
159 741 185 768 as
200 728 267 780 being
282 737 343 772 most

208 781 289 824 nubile.

173 2209 250 2253 Three
266 2212 347 2265 proofs

157 2261 219 2305 from
234 2264 364 2318 Scriptura.

189 3327 282 3383 luxury
296 3332 321 3373 ot'
333 3335 369 3376 tlte

237 3381 319 3437 clergy.

582 454 1384 545 mmmwfflwmmm[ffimm

361 647 462 691 autem
493 649 619 709 peccato
649 635 755 692 mundi
784 649 854 694 sunt
883 637 994 696 iterum
1020 639 1169 710 infideles,
1201 654 1279 693 cum
1305 651 1384 688 ανα-

362 723 434 778 ricia
463 725 630 780 secundum
660 725 843 798 Apostolum
872 725 911 782 sit
932 728 1101 804 ydolorum
1130 724 1280 783 servitus.
1317 720 1384 777 Sed

363 809 406 867 illi
431 811 482 885 qui
507 811 692 886 prediligunt
714 813 846 869 honores
868 813 1011 887 proprios
1034 815 1101 889 plus
1123 808 1242 869 honori
1268 806 1383 864 divino

363 911 432 955 sunt
456 899 627 956 absconditi
651 899 799 969 infideles,
824 902 907 975 quod
931 900 956 957 si
981 901 1062 976 ipsos
1086 918 1121 957 ex
1145 899 1217 974 ipsa
1238 892 1382 952 infideli-

364 998 425 1043 tate
457 987 598 1043 volumus
632 987 822 1059 convincere,
861 989 1055 1046 attendamus
1089 987 1113 1045 si
1147 1001 1284 1043 causam
1319 979 1409 1038 Deii

364 1087 482 1131 tantum
516 1077 689 1149 ponderant
722 1074 800 1132 sicut
833 1093 919 1132 suam
953 1075 1000 1132 vel
1032 1073 1177 1132 iniuriam
1213 1069 1275 1128 Dei
1311 1081 1380 1125 tam

364 1161 512 1219 instanter
536 1161 691 1219 vindicant
716 1162 793 1219 sicut
809 1181 906 1219 suant.
932 1165 969 1218 Et
986 1181 1055 1219 cum
1072 1173 1158 1237 patet
1174 1155 1381 1233 oppositum,

365 1248 460 1324 liquet
488 1252 571 1326 quod
600 1251 731 1307 honores
758 1268 829 1306 suos
858 1262 887 1306 et
915 1267 970 1324 per
1003 1265 1195 1324 consequens
1223 1262 1259 1301 se
1290 1242 1382 1317 ipsos

366 1336 495 1411 diligunt
519 1338 587 1412 plus
611 1357 703 1413 quam
728 1340 837 1393 Deum.
871 1334 908 1393 Et
936 1350 1043 1393 contra
1075 1335 1167 1393 istam
1202 1329 1379 1407 perfidiam

367 1425 514 1482 clamaret
537 1438 602 1482 tota
626 1424 762 1496 ecclesia,
787 1443 857 1481 cum
880 1423 975 1482 nichil
1000 1423 1071 1481 mali
1087 1420 1146 1479 sibi
1163 1417 1272 1478 evenit
1289 1417 1380 1493 quod
1394 1435 1429 1470 to

368 1531 417 1568 rex
435 1512 575 1586 superbie
594 1531 647 1587 per
662 1512 760 1586 ipsam
777 1531 840 1568 non
856 1510 975 1586 ingerit,
1001 1528 1125 1567 movens
1142 1507 1211 1566 eius
1228 1505 1381 1563 membra

369 1618 400 1656 se
425 1599 507 1674 ipsos
532 1598 671 1657 amancia
695 1599 762 1674 plus
787 1617 880 1673 quam
905 1600 1012 1655 Deum.

414 1690 476 1743 Nec
487 1700 569 1744 caret
580 1689 745 1747 secundum
763 1705 857 1760 genus
874 1684 1104 1743 scolasticorum
1122 1678 1383 1757 participacione

371 1773 545 1831 huiusmodi
570 1773 671 1831 delicti
695 1773 828 1844 maximi,
853 1792 922 1831 cum
947 1790 981 1829 ex
1005 1771 1063 1828 lide
1086 1769 1125 1827 sit
1148 1781 1264 1825 notum
1291 1767 1381 1841 quod

371 1860 530 1918 ordinacio
555 1861 665 1918 Christi
689 1860 845 1918 dotacioni
873 1859 921 1917 isti
950 1857 1103 1916 contraria
1132 1856 1203 1931 plus
1234 1853 1426 1928 undique15

373 1950 529 2022 prodesset
554 1948 687 2018 ecclesie,
712 1950 749 2005 ad
773 1949 856 2023 quod
879 1947 949 2004 licet
973 1958 1136 2020 utrumque
1153 1939 1380 1999 testimonium

374 2035 519 2103 sonuerit,
544 2050 645 2092 tamen
668 2035 777 2092 suflicit
801 2053 857 2108 pro
885 2051 965 2091 nunc
993 2032 1052 2090 tria
1080 2029 1163 2088 dicta
1192 2025 1381 2103 evangelica

375 2123 519 2195 allegare:
545 2122 644 2195 primo
667 2121 742 2178 illud
766 2124 846 2178 Luce
869 2122 960 2192 XlV0,
987 2119 1041 2177 33:
1078 2116 1183 2175 Omnis
1216 2132 1259 2174 ex
1292 2114 1381 2172 vobis

375 2210 424 2284 qui
446 2229 501 2264 non
526 2209 703 2266 renunciavit
726 2208 856 2266 omnibus
875 2226 929 2283 que
946 2207 1076 2283 possidet
1096 2223 1152 2262 non
1170 2213 1276 2281 potest
1291 2219 1379 2258 meus

376 2315 437 2352 esse
458 2296 624 2371 discipulus.
650 2298 812 2365 Quomodo
829 2308 929 2351 autem
951 2295 1047 2351 clerus
1070 2293 1160 2349 debet
1185 2287 1377 2347 renunciare
1389 2305 1425 2342 ao

378 2382 597 2456 temporalibus
621 2383 701 2439 clare
724 2383 811 2439 docet
835 2380 1029 2439 conversacio
1051 2377 1164 2436 Christi
1189 2391 1219 2434 et
1245 2389 1377 2451 aposto-

379 2470 489 2538 lorum,
511 2488 579 2525 cum
596 2469 674 2525 lacta
689 2469 748 2525 vite
764 2487 869 2525 eorum
886 2482 953 2525 sunt
971 2465 1200 2524 efficacissimus
1217 2464 1378 2537 interpres

379 2575 482 2612 sensus
511 2555 583 2628 legis
612 2554 743 2612 Domini.
776 2558 816 2611 Ex
845 2555 952 2631 quibus
982 2552 1134 2627 colligitur
1167 2553 1264 2626 quod,
1301 2568 1376 2607 cum

380 2642 454 2699 tales
477 2644 648 2698 sacerdotes
671 2661 731 2698 non
755 2657 880 2716 possunt
901 2660 964 2699 esse
981 2639 1092 2698 Christi
1117 2637 1275 2713 discipuli,
1301 2649 1376 2695 sunt

381 2727 515 2803 precipui
539 2727 677 2802 discipuli
700 2728 885 2786 Antichristi.
1389 2729 1421 2780 25

424 2816 594 2871 Secundum
619 2814 823 2872 testimonium
842 2828 885 2873 est
909 2816 954 2872 lex
978 2833 1068 2890 quam
1086 2812 1219 2887 Spiritus
1237 2814 1376 2870 Sanctus

383 2919 436 2973 per
458 2903 516 2957 Vas
541 2901 706 2957 Eleccionis
734 2902 837 2958 effudit
872 2923 879 2958 1
908 2901 987 2959 Tim.
1011 2903 1075 2971 Vl⁰‚
1101 2901 1130 2970 8,
1160 2898 1213 2957 ubi
1238 2899 1376 2956 allidens

383 2986 576 3059 cupiditatem
609 2987 679 3044 cleri
711 2988 802 3045 tradit
829 3009 885 3062 pro
913 2989 1029 3061 regula:
1068 2987 1228 3058 Habentes,
1258 2985 1374 3061 inquit,

383 3073 516 3128 alimenta
539 3085 566 3129 et
588 3075 687 3147 quibus
715 3087 860 3152 tegantur,
889 3077 943 3131 hiis
969 3074 1094 3131 contenti
1119 3075 1220 3130 simus.
1251 3073 1375 3130 ludicet

385 3171 483 3213 autem
516 3162 641 3215 mundus
673 3179 706 3217 ex
737 3162 939 3219 sollicitudine
971 3160 1042 3218 cleri
1079 3159 1103 3216 si
1141 3162 1177 3216 de
1211 3158 1422 3218 alimentis3o

387 3245 566 3315 apostolicis,
605 3266 705 3319 ymmo
742 3268 775 3305 ex
813 3248 943 3305 lauticiis
976 3246 1104 3305 cesareis
1136 3260 1373 3304 contentantur.

388 3331 447 3385 Nec
479 3332 572 3387 solum
606 3334 728 3408 requirit
760 3337 858 3393 socios
890 3333 1145 3410 peregrinacionis
1177 3333 1260 3391 viros
1294 3352 1375 3408 apo-

390 3414 507 3471 stolicos
539 3418 568 3473 in
600 3419 735 3477 iuvamen
772 3437 799 3478 et
837 3421 1028 3479 consorcium
1066 3420 1122 3476 sibi
1154 3420 1276 3478 iunctos
1316 3423 1374 3478 sed

392 3497 531 3557 familiam
556 3523 589 3560 ac
612 3508 766 3564 servitores
791 3509 888 3581 regios
912 3508 963 3583 qui
988 3508 1112 3563 omnino
1136 3508 1312 3564 distrahunt
1331 3509 1374 3564 ab

392 3582 489 3640 officio
512 3592 690 3663 evangelico,
713 3613 768 3651 nec
784 3597 881 3651 solum
900 3607 1112 3652 contentantur
1129 3596 1165 3651 de
1181 3594 1374 3669 tegumentis
1385 3601 1420 3653 35

395 3668 548 3728 domorum
565 3689 592 3731 et
608 3697 774 3750 pannorum
792 3681 931 3755 qualibus
949 3680 1085 3737 Christus
1109 3694 1137 3737 et
1161 3681 1208 3738 sui
1232 3682 1374 3756 apostoli

396 3769 428 3807 ex
464 3756 627 3820 elemosinis
663 3769 847 3840 tegebantur,
886 3771 937 3825 sed
975 3767 1130 3841 requirunt
1170 3769 1374 3827 dominanter

397 3840 512 3898 castella
542 3860 569 3902 et
602 3854 732 3910 maneria
763 3854 886 3928 propria
919 3873 977 3930 que
1010 3854 1039 3910 in
1073 3854 1193 3928 regibus
1221 3870 1373 3914 sonarent

399 4032 470 4107 Τ,4-
480 4022 511 4063 A:
527 4038 551 4066 ex
566 4037 613 4087 istu,
652 4034 678 4075 18.
690 4035 731 4077 nh
747 4036 768 4077 itt
785 4049 868 4091 uturp:
885 4039 971 4081 Contra
986 4037 1145 4087 dotacionem:
1160 4039 1222 4082 Μ
1237 4040 1260 4083 in
1277 4054 1372 4097 mam:

401 4079 452 4157 dna
465 4076 589 4139 testimonis
604 4096 643 4141 pro
658 4087 740 4129 Christi
757 4088 910 4134 ordinacione.
988 4101 1020 4132 22.
1037 4092 1070 4133 A:
1086 4090 1138 4133 sint.
1215 4091 1247 4135 23.
1264 4093 1295 4136 E:
1311 4107 1371 4139 cum

402 4126 482 4208 mss&
506 4125 766 4197 36·hla:mntatg.:2.
807 4142 1219 4194 27.h:ldeest;ib.l)l]:elidens.
1260 4147 1371 4201 29.Din

402 4180 482 4261 ’ff'
497 4174 574 4221 Clerns
587 4187 672 4229 excedit
686 4201 707 4231 tn
723 4190 836 4234 alimentis
850 4202 871 4235 et
885 4194 1031 4249 tegumentis.
1085 4194 1117 4237 33.
1134 4197 1168 4238 A:
1184 4196 1293 4241 iuvamen
1311 4200 1371 4253 sod;

402 4233 633 4330 38.Dl]c⁰ti¹1⁸a(i1rscdga
648 4238 686 4333 33,
701 4240 735 4292 34.
751 4245 783 4285 A:
799 4248 938 4308 consorcium
953 4271 980 4308 .‘
994 4259 1020 4289 ac
1032 4247 1105 4309 deest.
1151 4247 1187 4292 3o.
1202 4250 1236 4293 A:
1252 4251 1370 4305 qualibet.

492 4304 497 4315 ·
628 4320 633 4340 ‚
680 4303 704 4335 m
719 4304 802 4348 mutu:
819 4308 931 4353 maneria,
952 4300 983 4343 lb.
999 4299 1051 4342 Db:
1066 4312 1088 4342 m
1105 4300 1182 4344 rebus.

454 4379 641 4453 emus
