3166 5212
198 505 300 550 senno
315 487 378 577 rm]
551 510 713 562 secunus
733 510 829 564 rana.

573 702 720 765 SERMO
742 704 811 765 XV.

243 847 396 925 Elipcbetlz
413 846 561 921 impletum
579 857 621 902 est
637 857 749 921 tempus
762 846 908 921 pariendi.
934 848 1013 903 Luce
1031 850 1067 915 1⁰,
1089 848 1136 919 57.

245 937 275 989 ln
300 933 357 989 isto
382 933 536 1006 evangelio
561 931 737 1007 exprimitur
766 931 928 1007 promissio
952 932 1006 990 Dei
1031 934 1110 990 facta
1134 953 1185 1008 pa·

201 1021 335 1078 rentibus
357 1020 502 1077 lobannis
526 1020 669 1077 nunciata
694 1038 747 1093 per
769 1020 925 1093 angelum;
954 1039 1025 1076 nam
1051 1020 1187 1094 Baptista

175 1108 230 1164 5in
268 1109 325 1165 hoc
357 1106 548 1182 prerogativo
581 1121 624 1164 est
653 1106 773 1164 Christo
813 1105 928 1177 similis,
962 1108 1043 1181 quod
1075 1125 1188 1164 nomen

199 1215 286 1251 suum
320 1194 485 1269 predicitur
520 1196 557 1251 ab
587 1196 693 1250 eodem
723 1194 840 1267 angelo,
870 1208 993 1250 eventus
1020 1213 1091 1250 suus
1120 1214 1188 1269 pre·

198 1283 359 1339 nunciatur
388 1294 416 1337 et
444 1301 460 1338 a
485 1283 606 1338 Christo
636 1281 720 1338 cuius
748 1281 810 1354 ipse
839 1295 882 1338 est
911 1299 1003 1355 preco
1031 1281 1092 1338 sis-'e
1121 1300 1188 1356 pre-

199 1369 325 1426 nuncius
346 1368 538 1442 singulariter
559 1370 800 1425 commendatur.
822 1370 869 1424 Ad
886 1370 1092 1425 denotandum
1116 1388 1187 1443 ergo

198 1456 385 1513 nativitatem
403 1456 538 1530 Baptiste
559 1474 615 1513 nec
636 1455 726 1512 nimis
744 1456 870 1513 celerem
889 1474 945 1513 nec
961 1456 1051 1512 nimis
1068 1459 1185 1514 tardam

159 1546 249 1600 iosed
277 1543 308 1599 in
333 1543 433 1599 medio
457 1545 626 1600 naturalem
652 1542 725 1600 dicit
749 1543 938 1618 Evangelista
963 1547 1044 1618 quod
1068 1558 1187 1618 tempus

198 1631 334 1705 pariendi
364 1632 516 1710 Elipcbetlt
552 1631 700 1706 impletum
736 1642 777 1687 est
806 1642 833 1686 et
860 1632 957 1687 statim
983 1632 1098 1707 peperit
1124 1651 1187 1689 nou

198 1717 378 1788 abortivum,
401 1737 461 1774 non
484 1732 652 1775 monstrum
669 1718 714 1775 vel
732 1718 873 1775 feminam
891 1720 943 1774 sed
960 1718 1055 1774 lilium
1077 1719 1187 1776 sancti-

199 1806 320 1862 ficatum
344 1806 373 1861 in
396 1819 481 1862 utero
503 1819 531 1861 et
553 1806 779 1879 prophetatum,
801 1817 828 1861 et
850 1806 936 1862 vicini
950 1824 985 1862 ac
1000 1807 1087 1862 critici
1102 1806 1187 1864 audi-

198 1907 280 1949 entes
317 1907 379 1948 tam
418 1892 573 1966 multiplex
612 1891 791 1948 miraculum
830 1893 1114 1969 congratulabantur
1151 1894 1187 1961 ei,

158 1977 355 2036 ¹5laudantes
372 1979 535 2035 Dominum
559 1979 615 2034 ista
637 1992 698 2035 tam
722 1979 881 2052 magnifice
901 1993 929 2035 et
952 1979 1188 2037 misericorditer

198 2067 367 2122 facientem.
393 2066 443 2123 Sic
467 2066 546 2122 enim
572 2066 700 2139 predicit
724 2066 847 2138 angelus
871 2069 952 2140 quod
976 2065 1006 2121 in
1030 2067 1187 2124 nativitate

198 2154 260 2208 eius
274 2153 359 2208 multi
373 2154 557 2226 gaudebunt,
568 2171 629 2208 non
646 2153 829 2209 intendendo
847 2152 969 2208 indubie
987 2156 1069 2227 quod
1086 2153 1187 2210 iocose

197 2261 232 2297 ac
243 2239 353 2296 viciose
369 2239 485 2296 infesto
497 2238 630 2313 Baptiste
644 2241 773 2296 mundus
787 2245 830 2307 (ut
841 2241 962 2308 assolet)
974 2242 1186 2313 congauderet,

197 2330 247 2384 sed
272 2330 353 2401 quod
378 2326 509 2383 virtuose
534 2330 629 2382 Deum
655 2326 826 2399 magnificet
850 2327 902 2401 qui
925 2328 985 2383 tale
1009 2346 1043 2385 ac
1068 2341 1185 2384 tantum

156 2417 367 2471 20membrum
390 2428 538 2488 prestaret
559 2413 683 2470 ecclesie
705 2413 734 2469 in
757 2413 924 2471 ministerio
941 2427 1003 2470 tam
1026 2413 1185 2488 multiplici

198 2502 302 2559 iuvans
329 2501 436 2575 ipsam.
470 2501 519 2557 Sic
548 2501 627 2558 enim
657 2500 788 2575 perversi
817 2515 886 2558 sunt
911 2501 996 2558 multi
1025 2520 1129 2558 sensus
1157 2515 1185 2557 et

197 2588 319 2644 ordines
343 2588 573 2662 scripturarum.

243 2677 273 2730 In
285 2676 331 2732 dic
346 2687 440 2732 aretem
458 2688 559 2732 octavo
575 2676 786 2731 ordinaverunt
795 2675 960 2750 Baptistam
978 2676 1187 2732 circumcidere

200 2763 289 2820 (sicut
317 2762 484 2836 precipitur
507 2761 630 2819 Genesis
654 2763 760 2834 XVll⁰)
791 2776 819 2818 et
848 2761 1005 2818 deficiente
1033 2762 1091 2818 illis
1120 2782 1185 2837 pre—

157 2849 397 2906 2srnrnciaci0ne
421 2849 519 2924 angeli
539 2851 698 2905 voluerunt
720 2868 787 2905 eum
814 2866 921 2905 vocare
942 2849 1065 2906 nomine
1090 2849 1185 2924 patris

199 2937 259 3007 sui;
283 2939 334 2993 sed
361 2950 457 2993 mater
480 2936 626 3011 inspirata
651 2938 687 2992 de
704 2937 838 3010 Baptiste
855 2935 987 3007 nomine,
1005 2936 1082 2994 sicut
1099 2951 1184 3011 pater

199 3026 256 3080 hoc
289 3038 376 3080 acute
411 3023 575 3098 prohibuit,
609 3038 637 3080 et
669 3043 779 3080 nomen
814 3023 983 3097 predictum
1012 3026 1049 3081 ab
1077 3025 1184 3098 angelo

199 3110 375 3167 nominavit.
405 3113 463 3167 Sed
488 3130 555 3167 cum
581 3124 666 3184 pater
690 3111 753 3167 eius
782 3124 906 3185 propter
935 3111 1083 3168 defectum
1114 3110 1182 3168 fidei

200 3197 281 3272 prius
298 3197 450 3254 obmutuit
467 3211 495 3254 et
512 3199 549 3255 ad
567 3198 760 3254 scribendum
776 3211 880 3254 votum
898 3217 985 3254 suurn
1002 3211 1183 3272 potestatem

155 3287 187 3336 30
200 3283 313 3351 habuit,
336 3298 368 3340 ut
385 3303 418 3341 ex
439 3284 594 3359 utriusque
611 3285 744 3360 parentis
762 3303 910 3342 consensu
927 3285 1091 3342 auctoritas
1107 3286 1184 3342 foret

200 3372 306 3435 maior,
332 3372 547 3428 consuluerunt
564 3373 742 3429 Zachariam
768 3391 801 3429 ex
826 3371 966 3428 mocione
983 3371 1038 3429 Dei
1061 3372 1184 3430 indubie

199 3478 288 3533 super
304 3459 371 3516 isto.
390 3461 455 3535 Ipse
471 3471 565 3516 utitem
579 3460 733 3536 postulans
745 3460 915 3537 pugilarem
931 3460 1059 3535 scripsit,
1072 3460 1184 3516 diceus:

196 3548 343 3602 Jolramres
374 3558 416 3602 est
447 3565 549 3603 tronum
581 3549 657 3607 eius:
686 3547 737 3602 ubi
771 3560 852 3621 patet
882 3549 962 3621 quod
996 3546 1072 3603 sicut
1101 3545 1184 3621 prius

199 3633 406 3706 imprudenter
443 3635 595 3707 loquendo
628 3633 809 3690 miraculose
848 3633 1009 3695 obmutuit,
1047 3632 1090 3689 sic
1122 3632 1182 3689 iam

156 3724 185 3775 35
199 3722 362 3793 prudenter
375 3723 530 3794 operando
546 3720 655 3777 meruit
666 3740 845 3796 recuperare
855 3722 1007 3796 loquelam
1025 3720 1183 3777 miraculo.

199 3810 233 3863 Et
250 3806 321 3882 quia
344 3825 456 3864 nomen
478 3807 612 3882 Baptiste
636 3808 811 3883 impositum
836 3823 880 3865 est
901 3808 985 3882 prius
1006 3810 1043 3865 ab
1065 3808 1183 3881 ringeln,

198 3894 265 3951 ideo
295 3893 367 3950 dicit
391 3897 471 3969 quod
488 3895 634 3952 Jolranues
656 3907 698 3952 est
721 3915 822 3952 nomeu
845 3896 891 3952 sui
897 3897 960 3973 filii
981 3898 1018 3953 de
1042 3894 1182 3969 presenti.

198 3982 237 4036 Et
261 3981 390 4037 rmirersi
410 3983 630 4039 circumstantes
653 3984 754 4039 mirati
774 3995 841 4040 sunt
860 3985 897 4040 de
917 3996 1002 4040 tanto
1024 3982 1181 4047 miraculo,

249 4176 268 4207 2.
284 4167 305 4207 A
320 4165 343 4208 in
365 4178 450 4224 marg.:
472 4166 555 4209 Sermo
570 4166 625 4212 XV:
647 4167 666 4210 Ε
687 4167 710 4210 in
732 4180 818 4221 maru:
840 4167 866 4210 ln
888 4167 925 4210 die
945 4167 1058 4210 lobannis
1080 4167 1182 4222 Baptiste

196 4218 349 4277 erarigelium.
416 4217 727 4263 t».codena-emmunis.
797 4232 816 4273 7.
832 4221 954 4263 Acerram
969 4233 989 4262 u.
1053 4222 1182 4276 9.1l:nec

197 4282 267 4328 rumis
282 4271 378 4330 celerem
394 4271 465 4313 deest.
527 4271 732 4315 13.A:acdeest.
793 4273 821 4316 15.
837 4273 952 4316 llliztam
966 4273 1038 4316 deest.
1100 4270 1185 4316 23.l):'

197 4321 339 4364 circumcidi.
394 4334 430 4378 29.
446 4325 479 4366 A:
496 4324 561 4378 prius
576 4324 647 4368 deest.
701 4324 736 4368 30.
751 4324 781 4368 li:
797 4331 819 4368 et
833 4338 868 4368 ex.

250 4462 274 4501 π.
293 4446 331 4496 Cf.
346 4446 468 4514 Wyclif's
488 4450 616 4500 Sermone
634 4450 676 4500 ed.
695 4450 729 4516 by
748 4451 860 4511 Arnold‚
880 4451 898 4510 1,
918 4466 976 4517 pag.
998 4448 1144 4515 364-365.

1217 858 1348 902 Fulfilment
1362 859 1389 902 of
1401 824 1407 835 ·

1258 911 1347 963 angelic

1238 962 1365 1019 propbecy.
