3166 5212
200 435 303 481 suano
318 419 370 509 ιιι]
554 441 714 493 sacuuua
733 442 828 494 enas,
872 474 873 477 ,

200 620 235 658 ac
272 614 480 676 contemptum
517 601 623 659 talium
660 603 887 660 declarandum.
928 605 997 660 ldeo
1034 607 1078 676 (ut
1115 623 1185 678 sepe

200 688 438 762 prenosticatum
462 694 518 762 est)
543 707 665 746 necesse
688 703 732 747 est
755 703 788 746 ut
811 708 903 764 regna
926 690 956 747 in
981 710 1012 748 se
1036 691 1131 749 divisa
1147 694 1185 749 ad

200 774 245 832 sui
269 775 501 834 internicionem
527 794 560 832 ex
583 776 637 834 tali
660 777 793 834 stulticia
818 778 1002 835 desolentur.

243 866 305 920 Nec
329 864 408 920 valet
430 864 597 921 recordans
621 863 778 921 excusacio
794 863 971 921 Antichristi
993 884 1052 940 qua
1076 864 1186 922 dicitur
1231 876 1278 932 tay
1295 876 1368 918 runs

175 953 280 1025 §quod
297 969 359 1007 non
382 951 452 1007 licet
475 950 607 1007 dominis
630 950 849 1026 temporalibus
872 952 1099 1009 ordinacionem
1124 952 1185 1009 iam
1207 928 1394 1023 corilii‘itil'ses

200 1051 369 1094 currentem
403 1037 556 1112 corrigere
588 1051 617 1094 et
650 1039 687 1094 ad
716 1037 946 1095 ordinacionem
975 1038 1086 1096 Christi
1116 1039 1185 1096 huic
1208 1034 1231 1076 ³¹¹
1248 1032 1394 1076 thechurch.

199 1124 384 1183 contrariam
418 1124 581 1182 exercitum
607 1143 695 1181 suum
725 1126 879 1198 reducere,
907 1139 971 1182 tum
1002 1125 1074 1200 quia
1099 1126 1184 1182 multi

199 1226 267 1268 sunt
297 1211 392 1269 sancti
421 1225 522 1286 patres
550 1211 602 1286 qui
631 1214 797 1268 secundum
830 1214 922 1270 talem
956 1213 1185 1271 ordinacionem

199 1298 310 1376 Christi
334 1298 480 1356 exercitus
504 1298 741 1373 triumpharunt,
772 1312 835 1355 tum
865 1299 960 1357 eciam
989 1299 1061 1375 quia
1085 1301 1185 1357 hostes

159 1385 288 1443 ronimis
313 1385 399 1442 multi
424 1399 531 1444 contra
555 1400 747 1461 acceptantes
771 1385 1000 1444 ordinacionem
1026 1389 1116 1445 talem
1142 1387 1186 1444 in-

197 1487 363 1547 surgerent.
393 1475 501 1544 Quoad
530 1473 662 1548 primum
693 1487 776 1547 patet
800 1492 817 1530 a
841 1487 978 1549 tempore
1003 1495 1063 1551 quo
1092 1474 1186 1532 intro-

198 1562 289 1618 ducta
322 1573 365 1617 est
398 1561 466 1618 talis
500 1560 646 1619 exercitus
676 1560 787 1618 Christi
821 1561 1018 1633 reversancia,
1054 1562 1185 1620 decrevit

197 1666 251 1704 sua
269 1647 391 1717 milicia,
416 1661 445 1704 et
468 1649 544 1705 tales
568 1648 682 1723 pugiles
707 1647 757 1724 qui
782 1648 1011 1707 deordinacioni
1035 1649 1089 1706 tali
1114 1668 1185 1707 con·

197 1748 352 1792 senserant
375 1735 506 1809 graviter
522 1749 731 1810 peccaverunt.
756 1739 818 1793 Nec
834 1750 903 1792 sunt
919 1736 950 1793 in
966 1739 1024 1793 hoc
1040 1737 1185 1812 sequendi

157 1824 248 1879 15sed
277 1822 307 1878 in
336 1822 510 1879 huiusmodi
546 1822 718 1897 penitencia
751 1835 779 1878 et
812 1822 1023 1880 satisfaccione
1056 1843 1111 1898 pro
1140 1842 1185 1880 re-

197 1908 368 1983 pugnancia
397 1908 454 1983 legi
482 1908 605 1966 Christi.
640 1912 710 1965 ldeo
739 1909 837 1965 solum
871 1908 935 1984 ipse
966 1911 1013 1967 vel
1046 1909 1096 1967 alii
1130 1913 1184 1967 sub

197 1995 319 2053 racione
342 2015 402 2070 qua
426 2009 568 2053 secuntur
591 1996 691 2071 ipsum
715 2014 732 2053 a
757 1995 895 2053 fidelibus
919 2010 988 2054 sunt
1011 1996 1147 2054 notandi.

240 2084 310 2140 ldeo
343 2083 420 2139 absit
453 2103 470 2140 a
504 2082 642 2140 fidelibus
674 2082 731 2140 ista
765 2083 963 2157 blasphemia,
997 2097 1029 2140 ut
1061 2084 1185 2141 dimissa
1206 2089 1337 2151 christine
1353 2098 1401 2133 truc

197 2169 309 2226 Christi
338 2168 574 2227 conversacione
597 2184 688 2246 atque
712 2169 850 2228 doctrina
875 2170 1050 2228 intendatur
1072 2171 1132 2228 vite
1157 2185 1185 2228 et
1202 2143 1402 2197 ³⁰¹d⁰¹⁰s⁰n⁰⁸⁸²

153 2280 185 2314 20
197 2256 294 2314 verbis
332 2257 416 2314 ducis
454 2257 603 2314 errabilis.
638 2257 687 2314 Sic
719 2256 799 2314 enim
832 2259 1045 2333 blasphemant
1078 2259 1185 2315 fratres

197 2346 279 2419 quod
303 2343 408 2418 religio
432 2363 486 2401 sua
510 2343 547 2401 sit
571 2343 760 2419 prestancior
783 2364 875 2419 quam
892 2345 1063 2403 communis
1080 2343 1185 2420 religio

201 2430 376 2502 christiana,
406 2433 458 2488 sed
487 2449 521 2488 ex
550 2431 607 2488 fide
637 2445 669 2488 ut
692 2445 838 2506 patronus
862 2445 906 2488 est
929 2431 1046 2507 pocior,
1073 2431 1185 2490 milicia

196 2538 250 2576 sua
274 2518 465 2593 triumphans
489 2532 533 2576 est
556 2518 717 2593 gloriosior
741 2531 769 2575 et
792 2520 896 2593 regula
919 2538 979 2594 qua
1004 2520 1118 2594 regitur
1141 2532 1185 2577 est

197 2605 373 2681 perfeccior.
398 2608 435 2662 Et
459 2608 560 2682 quoad
585 2608 750 2664 secundum
774 2604 927 2663 obiectum
953 2606 1078 2664 concedi
1096 2608 1184 2664 debet

155 2695 279 2768 alquod
304 2695 361 2750 hoc
384 2705 536 2769 temptans
560 2714 616 2769 pro
640 2705 726 2769 parte
750 2692 863 2750 Christi
886 2693 1008 2751 habebit
1037 2693 1184 2769 plurimos

197 2782 400 2852 adversantes,
437 2781 509 2857 quia
545 2801 606 2839 non
636 2783 735 2839 solum
766 2779 986 2838 Antichristum
1020 2794 1049 2838 et
1080 2799 1185 2839 omnes

197 2867 261 2925 eius
293 2867 458 2943 discipulos
497 2870 550 2926 sed
587 2868 687 2943 ipsum
721 2869 883 2942 dyabolum
917 2881 946 2925 et
978 2886 1083 2925 omnes
1115 2887 1185 2925 suos

197 2956 320 3030 angelos
344 2955 395 3031 qui
420 2975 538 3013 summe
562 2955 669 3013 odiunt
693 2957 774 3030 quod
799 2955 911 3013 Christi
941 2954 1098 3013 ordinacio
1127 2969 1185 3012 stet

197 3042 228 3099 in
252 3041 350 3100 terris.
383 3045 442 3100 Sed
467 3042 640 3100 consolacio
663 3041 789 3099 virtuosi
813 3042 999 3116 agonizantis
1024 3042 1105 3100 circa
1129 3042 1184 3099 dif-

153 3129 276 3188 loficile
303 3149 365 3187 non
395 3131 483 3186 debet
511 3130 682 3187 vecorditer
710 3147 744 3186 ex
773 3128 832 3186 isto
864 3129 1001 3201 deficere,
1026 3143 1089 3186 tum
1115 3129 1186 3204 quia

197 3216 334 3275 Christus
363 3230 391 3274 et
420 3230 483 3274 tota
513 3236 567 3274 sua
591 3216 706 3275 familia
729 3234 788 3290 que
812 3229 856 3272 est
879 3216 973 3291 priori
997 3216 1186 3291 prestancior

197 3304 340 3362 fortificat
372 3317 539 3379 pugnantes
567 3323 624 3379 pro
653 3322 743 3362 causa
768 3321 821 3360 sua
845 3316 873 3360 et
898 3303 1036 3361 beatifice
1059 3317 1186 3362 coronat

197 3390 228 3447 in
255 3391 321 3465 ipsa
350 3404 494 3447 mortuos.
524 3393 583 3448 Sed
611 3393 648 3448 de
675 3404 790 3467 quanto
819 3392 874 3447 hec
903 3408 994 3447 causa
1023 3391 1184 3461 extollitur,

197 3480 234 3536 de
258 3492 343 3535 tanto
367 3477 513 3536 exercitus
537 3477 658 3552 dyaboli
682 3491 856 3552 superatur;
881 3490 910 3535 et
930 3479 968 3534 ad
989 3480 1184 3553 pugnandum

155 3564 229 3623 asin
257 3568 314 3623 hac
342 3584 432 3623 causa
456 3565 593 3623 Christus
622 3564 750 3623 armavit
778 3583 848 3622 suos
877 3564 987 3621 milites
1017 3567 1119 3623 dando
1143 3565 1185 3623 eis

197 3654 367 3728 temporale
391 3651 561 3710 dominium
585 3652 801 3728 conquisitum.

248 3884 268 3916 a.
289 3873 322 3916 A:
340 3871 538 3927 pronostieatum3
563 3872 593 3915 ib.
609 3873 642 3918 A:
659 3871 738 3915 sicin.
832 3869 852 3916 3.
867 3871 919 3915 DE:
935 3870 1136 3914 interfeccionem·
1150 3870 1185 3914 in-

197 3931 268 3968 terem
287 3925 378 3968 cionem
394 3924 418 3968 in
433 3935 506 3980 marg.
560 3939 583 3978 4.
591 3925 633 3984 A:
648 3924 778 3967 vecordans
792 3924 869 3978 deest;
891 3924 922 3967 ib.
938 3923 958 3967 D
972 3923 996 3966 in
1012 3935 1099 3984 marg:
1115 3903 1184 3967 llota.

196 3976 252 4020 ab
280 3975 846 4032 :sunt....quideest;1b.ADinmarg:1.
923 3988 945 4031 9.
961 3974 1004 4019 Al)
1018 3987 1042 4018 ιιι
1058 3986 1185 4036 margar:

196 4030 229 4073 D:
245 4030 381 4073 Dotacionis
395 4028 507 4072 defensio.
598 4040 629 4073 ιο.
645 4028 697 4072 DE:
713 4035 782 4071 attem
802 4035 885 4071 lantes.
975 4040 1002 4079 ιι,
1019 4039 1048 4070 12.
1063 4029 1097 4071 A:
1112 4034 1185 4070 intro·

196 4081 349 4125 ductus.....
392 4082 466 4125 mn:
483 4081 627 4125 reversancla
638 4081 709 4124 deest.
751 4081 779 4124 15.
812 4080 841 4124 E:
858 4080 922 4123 modi
934 4079 1005 4123 deest.
1047 4079 1075 4125 15.
1088 4078 1120 4122 16.
1132 4078 1184 4122 DE:

196 4141 217 4176 et
233 4134 389 4189 repugnancia
404 4133 468 4189 legis.
569 4145 604 4176 ao.
619 4134 642 4177 A
656 4133 679 4176 in
695 4145 782 4187 marg:
806 4133 893 4176 Contra
907 4133 1003 4184 fratres;
1025 4130 1044 4174 D
1060 4131 1082 4173 ln
1098 4143 1184 4191 marg:

198 4186 267 4228 Nota.
323 4198 353 4230 21.
369 4186 421 4229 DE:
438 4185 516 4229 omnis
533 4185 613 4239 religio
628 4185 665 4227 sit.
720 4196 754 4228 22.
769 4187 803 4228 A:
820 4191 932 4239 patronus
947 4184 1023 4235 deest;
1043 4191 1068 4225 ut
1082 4190 1186 4237 sequitur

198 4240 287 4281 lacuna.
309 4238 354 4282 Hic
370 4240 435 4281 locus
450 4245 575 4293 corruptus
590 4250 641 4280 esse
657 4237 755 4280 videtur.
777 4236 874 4280 Reccius
894 4237 928 4279 sic
947 4235 1081 4279 habebitur:
1104 4237 1143 4278 sed
1159 4248 1187 4277 ex

196 4291 240 4334 fide
255 4290 374 4334 credimus
388 4290 450 4346 quod
467 4296 506 4332 ut.
519 4321 524 4332 .
537 4322 559 4334 ..
624 4301 659 4342 ²4·
676 4289 695 4332 l)
710 4290 734 4333 in
749 4301 835 4344 marg:
851 4288 888 4333 Ad
905 4287 1041 4331 secundum.
1104 4298 1139 4342 27.
1154 4287 1184 4331 E:

196 4343 285 4386 eius-
299 4355 355 4386 suos
370 4343 441 4386 deest.
548 4340 583 4385 28.
599 4342 633 4385 A:
647 4353 707 4401 'cum
724 4353 822 4385 summe.
929 4338 962 4384 33.
978 4342 1012 4383 A:
1032 4346 1118 4394 quanto
1133 4340 1184 4382 hoc.

195 4393 231 4448 34.
246 4394 276 4439 E:
292 4402 314 4438 ct
328 4395 400 4438 deest.
454 4392 486 4439 35.
501 4395 535 4438 A:
551 4393 672 4438 animavit.
