3166 5212
682 449 851 498 roulariis
866 448 1003 498 wvciu·
1017 448 1213 499 suasionum
1258 427 1375 515 [sanim
1392 443 1450 486 ux.

459 624 549 684 atque
573 608 690 665 facilior
714 608 751 664 sit
776 610 917 680 tenenda)
944 610 1025 683 quod
1049 608 1165 666 fatuum
1191 609 1267 665 foret
1291 627 1361 665 cum
1386 608 1451 665 istis

459 695 583 771 privatis
618 695 774 752 ordinibus
807 694 995 770 desponsari.
1035 695 1136 752 Nostri
1171 709 1273 752 autem
1314 694 1451 769 religiosi

459 786 571 842 habent
598 783 671 840 istas
704 781 864 857 religiones
892 783 1054 857 adoptatas
1082 796 1115 839 ut
1144 796 1256 839 matres
1285 795 1314 839 et
1343 800 1449 839 earum

458 869 663 947 possessiones
696 889 731 928 ac
758 870 833 926 ritus
868 870 947 927 ultra
977 870 1131 926 naturales
1165 869 1243 927 filios
1273 871 1449 944 adoptatos.

459 957 533 1029 Quis
557 957 637 1015 enim
662 959 707 1014 vel
724 957 884 1032 episcopus
901 975 961 1012 non
978 957 1046 1030 plus
1063 957 1179 1013 doleret
1196 975 1252 1031 pro
1269 955 1476 1031 perdiciones

459 1064 583 1102 suorum
608 1043 822 1118 temporalium
848 1062 939 1118 quarn
969 1062 1024 1117 pro
1049 1043 1271 1117 dampnacione
1300 1055 1450 1118 perpetua

458 1131 667 1189 subditorum?
706 1134 782 1187 Nam
808 1130 930 1187 effectus
958 1129 1091 1187 ostendit
1119 1131 1221 1204 patule
1249 1131 1340 1188 istam
1368 1128 1448 1186 viam

459 1218 617 1292 supposito
641 1219 677 1274 de
701 1216 869 1292 imprecato
893 1236 910 1274 a
936 1215 1038 1273 multis
1067 1218 1148 1292 quod
1180 1216 1307 1292 quilibet
1332 1216 1450 1291 episco-

459 1320 547 1380 patus
571 1305 600 1361 in
617 1304 726 1379 Anglia
751 1303 911 1361 dotatione
928 1303 1143 1377 temporalium
1168 1304 1348 1378 privaretur.
1374 1303 1450 1376 Quis

459 1412 530 1467 ergo
554 1391 715 1467 episcopus
739 1404 810 1448 tunc
835 1392 1030 1448 contenderet
1055 1390 1135 1448 circa
1165 1390 1378 1466 episcopatum
1402 1391 1450 1448 vel
1464 1407 1494 1444 ιο

459 1479 564 1554 pocius
597 1478 748 1553 acciperet
781 1479 861 1535 hunc
896 1479 941 1535 vel
975 1478 1079 1534 illum?
1117 1478 1242 1536 lndubie
1276 1476 1448 1548 contencio,

459 1567 627 1641 preeleccio
648 1579 676 1623 et
698 1565 837 1622 differens
860 1564 1035 1639 acceptacio
1056 1567 1219 1622 ostendunt
1241 1567 1345 1640 patule
1366 1567 1450 1641 quod

459 1654 526 1728 plus
558 1652 751 1711 dotaciunem
785 1651 977 1727 episcopatus
1006 1651 1135 1725 diligunt
1167 1671 1258 1727 quam
1289 1670 1449 1727 personas.

459 1744 495 1797 Et
519 1741 600 1798 idem
617 1754 661 1798 est
678 1739 822 1797 iudicium
841 1741 876 1796 de
899 1738 1008 1813 regulis
1030 1757 1065 1796 ac
1083 1738 1288 1797 observanciis
1304 1739 1449 1797 ordinum

459 1828 657 1903 privatorum.
1464 1830 1492 1881 15

269 1929 424 1973 Enaoumcnt
503 1919 540 1972 Et
563 1928 708 1991 quantum
733 1916 771 1971 ad
797 1913 937 1970 ultimum
961 1914 1097 1982 verbum,
1123 1926 1206 1987 patet
1230 1916 1312 1989 quod
1336 1932 1450 1988 suppo-

253 1982 435 2077 ’,ζ’,ζηὲῃὲἦξω
459 2002 517 2059 sito
542 2021 643 2060 errore
667 2002 697 2058 in
718 2001 901 2058 fundacione
924 2000 1051 2057 istorum
1070 1999 1223 2072 ordinum,
1248 2020 1318 2059 cum
1343 2019 1450 2058 secun-

460 2092 532 2146 dum
556 2089 749 2146 Aristotelem
774 2107 858 2144 error
883 2086 1000 2144 diucius
1029 2086 1222 2145 continuatus
1246 2089 1314 2164 plus
1339 2087 1450 2159 deviat,

460 2176 625 2234 elemosina
657 2177 734 2232 foret
767 2175 883 2232 radices
912 2174 1038 2231 istorum
1068 2174 1210 2231 ordinum
1239 2190 1269 2233 et
1296 2175 1450 2251 principia

460 2265 595 2339 ipsorum
621 2262 805 2337 extinguere3
841 2275 869 2319 et
892 2260 935 2318 sic
959 2263 996 2319 de
1020 2260 1231 2319 dotacionibus
1255 2264 1359 2338 quoad
1383 2280 1492 2338 per-ro

460 2364 566 2426 petuas
590 2349 771 2407 elemosinas
789 2367 882 2423 reges,
907 2347 957 2405 alii
973 2349 1124 2405 seculares
1143 2349 1258 2406 domini
1276 2363 1305 2408 et
1323 2352 1450 2408 heredes

462 2440 571 2495 debent
609 2436 744 2494 redditus
777 2449 805 2493 et
839 2435 1020 2492 hereditates
1054 2436 1128 2492 tales
1161 2438 1199 2492 ad
1232 2435 1447 2494 rectitudinem

461 2524 626 2599 primevam
651 2536 834 2581 convertere.
865 2525 902 2579 Et
925 2523 1025 2597 quoad
1051 2522 1242 2594 elemosinas,
1277 2538 1379 2582 cartas
1402 2524 1449 2581 vel

461 2611 643 2669 tradiciones
660 2609 831 2684 allegabiles
848 2609 878 2666 in
895 2611 951 2667 hac
968 2622 1063 2683 parte,
1075 2611 1121 2666 vel
1138 2608 1282 2668 deficiunt
1301 2611 1331 2667 in
1345 2630 1449 2668 errore

462 2702 525 2755 Deo
554 2697 704 2756 contrarie
736 2697 766 2754 in
799 2695 900 2754 radice
932 2697 977 2753 vel
1010 2698 1047 2753 ab
1080 2696 1277 2755 ordinacione
1310 2697 1447 2772 primeva
1460 2701 1489 2752 πᾶ

460 2789 625 2843 secundum
654 2784 746 2841 vitam
778 2782 962 2842 contrariam
992 2783 1176 2842 dilabuntur.
1212 2784 1448 2842 Securissimum

460 2873 562 2947 itaque
586 2873 663 2929 foret
679 2870 906 2928 ordinacionem
926 2870 1169 2928 elemosinariam
1188 2890 1263 2945 pure
1279 2874 1447 2930 secundum

461 2961 556 3034 legem
575 2959 695 3016 Domini
712 2958 867 3015 suscitare.
888 2961 950 3015 Nec
966 2957 1135 3014 timendum
1153 2972 1223 3015 sunt
1240 2959 1449 3017 excommuni-

461 3047 600 3104 caciones
628 3047 674 3102 vel
703 3044 955 3120 exprobraciones
983 3043 1088 3102 frivole
1118 3058 1224 3103 contra
1253 3046 1450 3105 defendentes

461 3133 548 3190 istam
583 3132 767 3190 sentenciam
797 3132 1020 3202 fulminantem,
1050 3131 1121 3208 quia
1156 3146 1262 3190 contra
1292 3133 1448 3191 Christum
1461 3136 1492 3188 30

461 3235 489 3277 et
514 3220 577 3277 eius
600 3221 755 3295 apostolos
779 3219 829 3294 qui
860 3218 1072 3276 observancias
1101 3220 1344 3278 ceremoniarum
1373 3221 1451 3295 legis

460 3307 568 3364 veteris
585 3321 613 3363 et
630 3307 704 3365 alias
718 3305 867 3363 novitates
884 3309 1133 3381 dampnaverunt,
1151 3307 1281 3380 pharisei
1299 3307 1451 3365 attencius

461 3393 665 3469 perstiterunt.
704 3393 887 3451 Timendum
913 3412 985 3467 ergo
1013 3408 1057 3450 est
1085 3393 1271 3451 secularibus
1294 3413 1333 3452 ne
1358 3397 1451 3453 duces

461 3481 523 3538 ceci
557 3499 589 3537 ex
627 3480 709 3539 falsis
742 3480 898 3555 principiis
932 3480 1076 3538 inducant
1109 3484 1217 3539 ambos
1249 3481 1280 3539 in
1318 3483 1449 3540 foveam.

461 3568 637 3641 lniungatur
661 3587 732 3642 ergo
762 3567 820 3624 illis
849 3567 995 3642 probacio
1024 3568 1276 3626 racionabilitatis
1306 3568 1449 3644 principii
1461 3571 1491 3622 35

460 3658 506 3712 rel
534 3654 622 3712 aliter
650 3655 784 3713 defensio
811 3656 857 3711 vel
886 3655 1007 3712 dotacio
1036 3657 1200 3713 auferatur.
1235 3655 1335 3714 Nichil
1369 3656 1449 3714 enim

461 3744 541 3817 apud
566 3745 662 3799 Deum
692 3742 817 3800 stulcius
846 3761 936 3817 quam
967 3742 1077 3799 erroris
1107 3760 1140 3800 ex
1169 3742 1372 3802 diuturnitate
1399 3746 1451 3801 de·

460 3829 565 3888 fensio.

513 4188 530 4231 5.
545 4186 600 4230 AE:
617 4186 762 4242 prodicione.
824 4198 849 4228 ιι.
865 4188 898 4228 A:
915 4198 985 4240 quam
1001 4187 1074 4229 illuni.
1136 4190 1167 4230 ui.
1183 4189 1204 4231 A
1219 4188 1242 4230 in
1258 4199 1345 4241 marga
1361 4187 1400 4230 Ad
1416 4200 1451 4230 se·

462 4240 572 4284 cundum.
632 4251 665 4281 ao.
682 4239 734 4282 lili:
749 4251 829 4281 eorum
845 4238 1000 4295 extinguere:
1013 4238 1043 4281 ib.
1058 4237 1110 4281 DE:
1127 4251 1173 4293 quo
1188 4239 1258 4282 deest.
1317 4251 1349 4282 ar.
1364 4238 1395 4282 E:
1412 4247 1451 4283 aut

462 4293 506 4335 alii.
584 4303 619 4343 aa.
635 4291 686 4334 ftE:
703 4292 725 4334 in
741 4303 819 4333 errore
834 4290 905 4332 deest.
974 4296 1009 4332 ab.
1025 4291 1058 4333 A:
1076 4291 1203 4334 secuudum
1219 4292 1289 4335 vitam
1305 4293 1450 4341 secundum:

460 4346 491 4387 ib.
506 4347 540 4388 A:
555 4344 719 4401 dilatabuntur.
773 4343 808 4401 30,
824 4345 857 4385 A:
873 4341 1000 4385 fulntiuale.
1056 4340 1084 4385 31.
1101 4342 1190 4386 codd:
1206 4343 1272 4398 quia;
1292 4343 1323 4386 ib.
1339 4344 1393 4387 llE:
1410 4345 1452 4387 ob·

461 4397 594 4440 servunciis.
649 4394 680 4437 32.
696 4398 730 4438 A:
746 4407 847 4437 acrisius.
