3166 5212
168 447 354 537 strahow-1
513 466 673 518 saeuum
696 467 790 517 enas.

766 544 784 581 Ο

168 639 302 686 nostram
336 626 521 684 sentenciam
554 632 598 696 (ut
630 639 712 701 patet
744 629 787 683 De
817 628 1058 686 Consecracione
1089 633 1157 688 dist.

170 719 220 785 lla,
232 733 298 788 cap.
315 714 383 791 Ego
393 714 623 792 Berengarius);
641 728 669 771 et
686 711 847 770 verisimile
864 718 1002 789 estquod
1017 717 1066 774 ille
1081 738 1159 792 papa

169 821 235 860 cum
260 800 321 858 suis
337 800 542 859 cardinalibus
559 801 625 875 plus
642 800 728 857 scivit
753 802 789 857 de
810 801 867 857 lide
884 802 1034 860 catholica
1058 808 1158 879 quoad

169 886 362 947 eukaristiam
380 907 471 962 quam
489 888 587 944 dictus
611 887 808 944 lnnocencius
833 901 861 945 et
883 907 988 946 omnes
1012 911 1090 965 pape
1114 893 1158 949 vel

144 975 335 1034 §cardinales
360 974 412 1050 qui
439 974 591 1049 posterius
620 988 688 1030 sunt
717 974 827 1045 secuti3
852 975 937 1031 multi
968 977 1048 1033 enim
1074 990 1159 1035 erant

168 1062 269 1138 ydiote
289 1063 390 1137 quoad
408 1061 499 1119 fidem
515 1061 674 1136 scripture.
701 1065 762 1118 Nec
780 1075 824 1119 est
841 1064 1024 1121 credendum
1050 1084 1155 1122 eorum
1238 1076 1244 1086 '

168 1149 327 1225 aliquibus,
344 1148 401 1205 nisi
416 1151 453 1206 de
466 1162 580 1224 quanto
599 1147 721 1206 racione
740 1168 771 1206 se
787 1149 914 1206 fulciunt
931 1151 978 1207 vel
996 1151 1154 1227 scriptura.

211 1235 374 1311 Supposita
402 1250 502 1293 autem
532 1235 590 1293 ista
613 1234 738 1292 veritate
770 1236 838 1293 fidei
867 1236 1025 1312 scripture,
1056 1239 1156 1297 viden·
1175 1249 1374 1311 itcantngnrrne

168 1327 239 1382 dum
264 1337 309 1380 est
332 1323 539 1398 particulatim
564 1322 637 1398 quid
661 1326 753 1380 verba
783 1324 871 1380 huius
901 1325 1046 1399 evangelii
1076 1327 1156 1383 fideli
1189 1302 1356 1410 *'‘'{‘i,{ss[.¹1,¹¹¹⁰

129 1411 295 1485 resignant.
336 1412 395 1467 Pro
434 1429 495 1485 quo
528 1410 628 1485 primo
661 1412 831 1467 notandum
865 1425 910 1468 est
943 1415 1024 1487 quod
1059 1413 1157 1487 prima

168 1499 257 1556 verba
281 1510 407 1573 possunt
432 1499 543 1554 habere
559 1496 712 1572 duplicem
733 1516 854 1555 sensum
871 1499 944 1556 satis
961 1500 1155 1572 catholicum,

169 1585 267 1661 primo
295 1584 491 1658 intelligendo
520 1586 558 1642 de
586 1599 777 1642 sacramento
806 1586 893 1660 panis
923 1600 951 1643 et
979 1586 1049 1658 vini,
1075 1590 1156 1663 quod

168 1687 211 1731 est
226 1672 487 1729 sacramentaliter
505 1691 565 1728 non
582 1672 753 1746 ydemptice
771 1691 843 1729 caro
857 1673 969 1730 Christi
984 1688 1011 1731 et
1025 1675 1155 1748 sanguis,

169 1774 212 1818 est
239 1778 308 1817 vere
338 1759 422 1817 cibus
451 1773 479 1815 et
506 1773 597 1834 potus
625 1778 686 1815 non
715 1758 881 1835 spiritualis
908 1763 960 1818 sed
989 1761 1156 1836 corporalis

128 1849 333 1905 rSsecundum
369 1860 509 1903 naturam
540 1865 625 1903 suam
655 1846 823 1921 propriam,
852 1850 904 1904 sed
933 1847 1097 1923 spiritualis
1127 1863 1155 1907 et

168 1953 228 1993 non
244 1933 374 1992 carnalis
391 1936 558 1991 secundum
576 1952 640 1990 esse
657 1935 739 2009 quod
757 1935 846 1991 habet
863 1934 973 1992 virtute
993 1939 1153 1993 verborum

168 2020 299 2093 Domini,
323 2023 375 2078 sed
392 2023 559 2078 secundum
579 2020 672 2077 alium
697 2040 818 2077 sensum
843 2040 933 2098 quern
958 2026 1049 2080 credo
1067 2043 1154 2081 evan·

167 2108 296 2184 gelicum
325 2107 420 2182 magis
449 2106 614 2178 intendere,
639 2109 722 2183 quod
751 2127 823 2165 caro
847 2108 957 2166 Christi
982 2124 1010 2166 et
1034 2110 1155 2184 sanguis

167 2215 236 2253 suus
260 2194 291 2251 in
314 2209 422 2252 natura
439 2214 493 2252 sua
517 2208 586 2251 sunt
602 2213 672 2252 vere
695 2208 785 2269 potus
808 2209 835 2252 et
853 2196 937 2253 cibus
955 2197 1066 2267 anime,
1084 2216 1152 2254 cum

126 2302 157 2336 ro
169 2283 228 2340 sint
256 2281 409 2339 obiectum
438 2281 468 2338 in
498 2281 581 2338 cuius
611 2281 860 2339 consideracione
891 2298 920 2340 et
950 2284 1155 2341 delectacione

166 2369 266 2428 anima
291 2369 387 2426 fidelis
413 2367 546 2443 pascitur
572 2381 600 2426 et
624 2382 758 2444 potatur.

208 2459 261 2513 Est
290 2455 368 2512 enim
402 2458 567 2512 secundum
598 2456 829 2513 distinccionem
864 2457 1011 2514 famosam
1047 2458 1155 2531 duplex
1178 2468 1362 2530 trutinant

167 2542 322 2614 comestio,
356 2541 470 2599 scilicet
504 2542 672 2617 corporalis
706 2557 735 2600 et
768 2543 949 2618 spiritualis;
989 2544 1154 2619 spiritualis
1166 2533 1193 2576 ⁵⁹
1196 2523 1271 2564 ΠΜ
1287 2530 1371 2576 ΜΨ·

165 2630 273 2687 iterum
298 2630 417 2704 duplex,
442 2629 557 2687 scilicet
582 2632 661 2687 mala
687 2629 784 2705 qualis
808 2629 838 2686 in
862 2644 906 2687 est
931 2631 1153 2688 detractoribus

125 2716 245 2774 rSiuxta
274 2715 348 2774 illud
372 2718 449 2787 (loh.
475 2720 525 2787 ll⁰,
550 2725 610 2791 17):
640 2719 726 2774 Zelus
750 2719 853 2773 domus
877 2730 924 2775 tue
947 2719 1069 2775 conrodit
1093 2738 1154 2788 me;

166 2818 193 2862 et
221 2807 299 2861 bona
328 2803 426 2879 qualis
455 2803 532 2862 inest
560 2804 713 2861 obiectum
743 2824 829 2861 suum
859 2805 908 2880 pie
938 2805 1150 2862 recolentibus.

207 2894 243 2948 Et
266 2891 308 2949 sic
326 2891 462 2949 Christus
479 2891 590 2949 dicitur
608 2893 745 2949 membra
769 2911 822 2949 sua
838 2892 1035 2966 spiritualiter
1052 2912 1150 2950 come-

164 2980 234 3036 dere
262 2978 342 3035 iuxta
372 2978 446 3035 illud
469 2979 626 3049 (iohannis
651 2981 715 3051 lV0,
743 2980 807 3053 32):
842 2980 909 3057 Ego
941 2981 1032 3036 cibum
1062 2981 1151 3037 habeo

164 3067 341 3123 inanducare
357 3084 438 3141 quem
458 3085 508 3122 vos
524 3067 648 3137 nescitis,
666 3080 694 3123 et
712 3069 847 3123 membra
865 3066 976 3124 Christi
994 3067 1147 3124 Christum

123 3157 155 3208 30
165 3155 337 3223 comedunt,
362 3156 561 3210 memorando
585 3154 685 3229 ipsum
710 3154 851 3210 devocius
868 3156 961 3229 [quod
985 3154 1085 3228 sepius
1108 3154 1150 3222 fit)

163 3239 194 3297 in
217 3240 411 3297 eukaristiam
436 3243 629 3297 assumendo,
654 3243 713 3297 Sed
737 3244 876 3297 obstante
901 3260 990 3298 causa
1015 3241 1150 3298 raciona-

165 3326 216 3384 bili
239 3326 460 3402 assumpcionis
489 3327 576 3384 huius
606 3327 803 3385 sacramenti:
832 3329 936 3401 Crede,
967 3328 1063 3403 inquit
1091 3331 1150 3385 Au-

163 3414 308 3488 gustinus,
323 3415 390 3492 fide
404 3415 543 3489 formala
567 3426 594 3471 et
620 3416 811 3471 manducasti.
841 3418 903 3471 Nec
927 3416 1053 3472 dubium
1077 3415 1150 3490 quin

164 3520 234 3576 sepe
262 3501 409 3575 contingit
438 3502 592 3558 hominem
626 3521 687 3558 non
721 3501 854 3559 cibatum
889 3502 1150 3559 sacramentaliter

123 3592 152 3642 35
163 3588 261 3646 verius
285 3592 470 3647 manducare
500 3591 556 3645 hoc
587 3607 698 3663 corpus
727 3584 772 3665 (ut
801 3588 899 3664 patuit
929 3591 965 3646 de
989 3585 1148 3668 Baptista).

206 3678 242 3732 Et
270 3676 406 3751 sequitur
442 3675 472 3733 in
512 3676 667 3751 evangelio
703 3675 761 3732 alia
795 3676 964 3733 conclusio:
1001 3677 1069 3754 Qui,
1107 3676 1150 3732 in-

163 3763 236 3838 quit,
265 3765 421 3820 manducat
450 3783 543 3820 nicam
572 3781 690 3820 carnem
715 3774 742 3819 et
770 3764 838 3819 bibit
861 3782 955 3819 tutum
979 3764 1149 3841 sarrguinem

215 3961 231 3991 ι.
246 3950 279 3991 A:
295 3955 399 3991 nostram
415 3956 443 3991 et.
495 3961 514 4003 7.
531 3949 563 3991 A:
581 3949 703 3991 l'ulcerunt.
757 3960 781 3990 u.
798 3947 850 3990 DE:
867 3948 936 3991 verba
951 3949 1026 3999 dorsu
1047 3947 1078 3990 ib.
1093 3947 1112 3990 F.
1127 3948 1149 3990 in

163 4013 213 4043 mar
230 4015 248 4043 .:
264 4000 386 4044 Sentencia
399 4001 471 4056 litere.
521 4012 552 4055 ις).
569 4001 603 4043 A:
620 4013 661 4043 sua
676 4001 747 4043 duest.
796 4010 830 4041 20.
846 4002 880 4043 A:
895 4000 961 4043 fur:
973 4000 1014 4042 luit
1031 4006 1149 4053 prosunt.

163 4051 195 4095 23.
210 4012 229 4095 ἔ
244 4053 266 4096 in
283 4065 372 4113 marga·
393 4053 526 4107 spiritualis
546 4053 667 4096 comestio.
775 4064 808 4106 27.
825 4052 842 4095 E
857 4053 879 4095 in
895 4065 980 4106 marg:
995 4052 1094 4113 'Cristus
1109 4065 1150 4111 sua

163 4105 267 4148 membra
281 4105 383 4148 comedit
397 4113 418 4147 ct
433 4118 568 4148 econverso.
649 4104 683 4147 30.
700 4106 734 4148 A:
750 4105 908 4147 comederunt.
993 4104 1027 4148 ln.
1043 4103 1074 4148 33.
1090 4106 1111 4147 A
1127 4116 1149 4147 tn

163 4169 249 4212 marga
264 4157 419 4211 Augustinus.

215 4280 237 4315 2.
256 4265 359 4314 Decreti
382 4263 458 4314 tertia
482 4279 550 4331 pars,
577 4267 614 4314 De
634 4264 841 4315 consecratione
865 4265 923 4313 dist.
946 4265 975 4326 ll,
993 4279 1050 4330 cap.
1072 4264 1150 4314 lllll.

163 4333 201 4383 Cf.
215 4335 381 4395 Trialoaum,
399 4349 458 4399 pag.
474 4349 531 4400 249.
588 4335 628 4386 32.
649 4336 675 4384 S.
690 4333 830 4399 Augustini
850 4333 878 4383 ln
897 4333 955 4383 Joh.
971 4333 1016 4382 Ev.
1037 4349 1095 4398 cap.
1109 4333 1150 4397 Vl,

163 4415 235 4453 tract.
255 4405 336 4453 XXV.
357 4404 427 4469 Opp.
448 4417 510 4453 tom.
531 4404 574 4464 ΙΙΙ,
594 4418 618 4465 2,
637 4421 695 4470 pag.
715 4419 774 4472 490·
848 4403 887 4469 37.
907 4403 964 4453 loh.
980 4403 1021 4465 Vl,
1041 4403 1081 4469 57.
