3166 5212
222 469 395 559 semovi}
502 530 509 536 ,,
574 487 735 540 securlus
756 487 852 538 parts,

223 649 410 724 superbiam3
435 662 464 706 et
487 648 518 705 in
534 647 720 706 vestimentis
736 666 771 705 ac
788 647 855 705 aliis
871 649 1067 724 apparatibus
1093 652 1206 707 mundo

224 735 451 812 splendentibus
473 749 603 793 nonest
626 734 704 792 finis.
787 752 790 756 ·

267 824 409 881 Tercium
425 822 633 880 testimonium
652 834 696 878 est
711 823 815 895 regula
832 822 1019 896 Evangeliste
1036 826 1056 879 l.
1073 824 1139 880 loh.
1155 826 1205 893 11⁰,

231 912 281 968 15:
307 911 404 967 Nolite
424 911 549 988 diligere
569 910 707 966 mundum
728 927 818 984 neque
837 927 870 966 ea
890 927 944 984 que
963 911 991 966 in
1007 911 1115 966 mundo
1130 921 1205 967 sunt.

199 1000 283 1055 §Sed
306 997 367 1055 vita
383 996 560 1055 Antichristi
583 995 716 1053 ostendit
732 997 814 1070 quod
829 996 1001 1053 sacerdotes
1018 996 1123 1052 cesarii
1139 998 1206 1072 plus

223 1084 351 1160 diligunt
379 1083 546 1141 mundialia
579 1102 670 1159 quam
703 1082 838 1140 officium
871 1082 1106 1157 evangelizandi,
1139 1085 1206 1159 plus

222 1174 343 1229 student
367 1171 447 1229 circa
471 1190 576 1228 eorum
601 1168 848 1245 acquisicionem‚
873 1169 1077 1228 retencionem
1095 1183 1123 1227 et
1140 1189 1206 1246 per-

223 1259 434 1334 petuacionem
454 1277 545 1334 quam
566 1256 647 1316 circa
665 1255 912 1328 seminacionem,
936 1257 1205 1315 fructificacionem

223 1360 251 1403 et
274 1346 505 1404 veneracionem
528 1343 611 1402 verbi
628 1343 693 1402 Dei.
718 1346 840 1402 Etcum
857 1356 975 1403 constat
992 1363 1026 1402 ex
1043 1344 1101 1401 fide
1125 1348 1207 1421 quod

180 1435 281 1491 rohoc
304 1447 347 1491 est
371 1435 563 1491 sacerdotum
584 1431 696 1490 Christi
719 1431 887 1507 principale
910 1431 1045 1491 officium
1069 1445 1098 1489 et
1121 1433 1152 1490 in
1175 1451 1206 1490 se

221 1520 341 1579 vincere
365 1522 511 1578 mundum
535 1538 571 1578 ac
595 1519 765 1594 exemplare
797 1518 1016 1594 posterioribus
1050 1521 1206 1594 quomodo

153 1646 201 1696 Fol
222 1610 331 1665 debent
353 1608 453 1683 ipsum
477 1607 605 1678 vincere,
634 1619 753 1665 constat
776 1606 885 1664 iterum
909 1625 943 1664 ex
966 1607 1025 1664 fide
1048 1609 1130 1682 quod
1154 1608 1207 1664 lrec

153 1681 211 1783 189:
221 1706 264 1753 est
288 1695 409 1753 victoria
438 1714 492 1771 que
518 1695 606 1752 vincit
624 1687 629 1777 l
649 1695 799 1766 mundum,
817 1693 899 1770 fides
925 1705 1026 1751 nostre
1054 1714 1113 1770 qua
1142 1712 1206 1751 cre-

222 1781 320 1839 dimus
349 1784 430 1857 quod
456 1785 541 1839 lesus
569 1780 648 1839 filius
676 1780 730 1837 Dei
757 1780 829 1837 vixit
856 1780 949 1838 vitam
978 1781 1204 1856 pauperrimam

181 1871 210 1925 1⁴5
221 1883 249 1927 et
282 1869 385 1927 docuit
417 1871 509 1926 verbo
541 1881 570 1925 et
601 1885 693 1942 opere
725 1868 881 1943 quomodo
906 1867 952 1924 sui
976 1869 1085 1925 debent
1107 1868 1206 1925 vivere

203 1956 312 2032 ,vitam
337 1955 536 2014 consimilem.
562 1955 725 2026 Quomodo
750 1972 820 2028 ergo
845 1953 955 2013 caritas
971 1955 1025 2011 Dei
1050 1969 1151 2012 manet
1175 1954 1206 2012 in

221 2041 279 2100 illis
303 2043 355 2119 qui
378 2043 421 2101 sic
444 2045 615 2100 deserentes
639 2042 734 2116 legem
759 2040 871 2099 Christi
899 2054 1067 2117 sequuntur
1094 2043 1206 2117 dogma

220 2129 416 2188 Antichristi?
447 2133 484 2187 Et
512 2128 568 2188 iste
597 2129 699 2203 regule
726 2147 761 2186 ac
785 2127 1030 2204 improbaciones
1052 2129 1112 2187 vite
1135 2148 1206 2187 con-

220 2217 312 2275 trarie
335 2215 538 2275 demonstrari
560 2228 687 2291 possunt
711 2233 745 2274 ex
768 2215 837 2273 fide.

178 2321 211 2358 so
264 2305 323 2362 Sed
347 2304 395 2362 hic
424 2317 469 2362 est
500 2306 631 2379 quedam
665 2302 787 2378 grandis
818 2303 976 2361 excusacio
1009 2302 1039 2360 in
1074 2302 1207 2378 peccatis
1221 2313 1334 2376 Exampte
1348 2316 1376 2358 or
1388 2316 1425 2359 ue

220 2394 302 2466 quod
326 2391 464 2449 Christus
494 2404 523 2448 et
550 2390 596 2448 sui
624 2389 756 2465 apostoli
784 2392 953 2447 debuerunt
980 2410 1037 2466 pro
1069 2402 1207 2465 tempore
1225 2367 1417 2464 ⁸²¹ffi⁸vflissf¹⁶⁰d

219 2497 271 2536 sue
293 2477 439 2537 viacionis
462 2478 505 2536 sic
520 2477 628 2550 vivere,
652 2476 835 2552 posteriores
852 2490 953 2535 autem
970 2490 1091 2552 oportet
1106 2477 1205 2535 vivere

219 2565 336 2624 laucius
373 2567 475 2642 quoad
513 2566 659 2622 mundum
690 2577 819 2639 propter
850 2565 997 2624 honorem
1031 2564 1143 2623 Christi
1175 2577 1205 2623 et

219 2653 343 2711 ecclesie
367 2652 597 2730 acquirendum,
624 2665 658 2709 ut
681 2663 764 2726 patet
789 2652 825 2709 de
848 2651 1025 2727 Augustino,
1055 2652 1202 2728 Gregorio

178 2740 208 2793 25
219 2753 248 2797 et
279 2739 392 2798 sanctis
423 2740 530 2798 ceteris
563 2758 639 2816 quos
675 2758 737 2797 non
774 2751 818 2796 est
854 2739 1127 2814 blasphemandum
1159 2740 1203 2814 sinc

218 2826 316 2885 vivere
347 2827 404 2885 nisi
435 2826 497 2884 vita
527 2826 579 2884 illa
611 2827 688 2884 foret
720 2825 814 2884 licita.
847 2827 906 2884 Sed
940 2826 988 2884 hic
1015 2840 1098 2902 patet
1122 2829 1204 2903 quod

219 2913 358 2989 discipuli
373 2912 551 2972 Antichristi
575 2913 749 2988 relinquunt
771 2912 864 2971 vitam
881 2912 994 2971 Christi
1011 2913 1062 2990 qui
1078 2932 1205 2989 peccare

218 3001 265 3059 vel
287 3020 388 3059 errare
410 3020 472 3059 non
496 3001 595 3076 potuit
618 3013 648 3058 et
665 3013 794 3075 querunt
810 3002 933 3058 umbras
949 3019 1077 3075 persone
1099 3020 1205 3076 pecca-

220 3087 286 3146 bilis
310 3102 339 3146 et
362 3088 499 3147 errantis.
525 3089 595 3145 ldeo
619 3090 707 3145 docet
723 3089 829 3154 beatus
845 3087 1014 3163 Cyprianus
1036 3091 1119 3164 quod
1142 3107 1205 3146 non

178 3177 208 3227 30
219 3188 262 3232 est
295 3178 462 3233 curandum
496 3177 578 3251 quod
614 3174 787 3251 quicunque
823 3174 918 3233 sancti
949 3189 1018 3250 post
1049 3175 1202 3234 Christum

218 3262 343 3320 fecerint
366 3262 423 3320 nisi
447 3265 538 3320 docto
562 3264 644 3339 quod
668 3263 726 3319 hoc
750 3279 784 3319 ex
813 3261 994 3320 auctoritate
1022 3262 1085 3320 eius
1110 3264 1204 3320 habu-

219 3362 320 3421 erunt;
348 3368 404 3408 nec
428 3349 554 3407 dubium
588 3348 661 3425 quin
684 3351 790 3406 beatus
823 3349 1012 3423 Evangelista
1045 3363 1074 3408 et
1106 3351 1203 3408 multo

219 3436 313 3511 magis
337 3436 388 3495 alii
416 3450 485 3512 post
513 3456 581 3494 eum
614 3435 748 3494 crebrius
781 3449 990 3511 peccaverunt.
1024 3439 1061 3493 Et
1093 3437 1203 3494 iterum

218 3536 332 3582 certum
357 3526 506 3601 estquod
529 3524 607 3582 sicut
623 3523 760 3581 Christus
783 3523 909 3581 tradidit
933 3526 1076 3581 mandata
1100 3536 1204 3582 eterna

176 3608 273 3686 35pro
296 3624 435 3686 tempore
456 3611 565 3671 veteris
592 3610 776 3683 testamenti,
804 3609 848 3668 sic
875 3630 932 3686 pro
960 3623 1097 3686 tempore
1130 3611 1203 3687 legis

267 3846 340 3909 aaa
349 3848 373 3892 in
384 3860 469 3909 marg:
479 3846 499 3892 3.
543 3848 562 3893 5.
573 3850 607 3892 A:
619 3847 715 3911 Christi.
756 3846 810 3908 621)
820 3848 940 3908 inmerg:
951 3847 1089 3892 Sacerdotes
1099 3848 1201 3911 officium

218 3913 339 3956 proprium
354 3901 510 3964 obmittentes.
577 3901 599 3954 8,
614 3914 636 3958 9.
653 3901 704 3962 lib:
720 3901 924 3961 frucuhcactonem
939 3907 961 3943 et
975 3899 1046 3943 deest.
1111 3913 1133 3957 9.
1149 3901 1200 3944 Dls:

216 3953 508 4068 :statuunt-
524 3952 555 4049 ,Ξῖ
569 3958 784 4100 saerata:
797 3964 917 4065 :att
933 3952 1201 4067 :aestuant

216 4064 328 4113 peccatis·
377 4069 400 4101 tn
416 4069 519 4118 marg:¹
538 4069 647 4101 xcusacro
678 4065 805 4111 otactonts;
821 4057 839 4099 E
854 4070 877 4100 in
893 4069 979 4119 marg:
1014 4058 1200 4118 xcusactoclcrr.

216 4108 301 4165 25—27.
315 4089 350 4153 ir:
365 4122 425 4166 quos
442 4133 463 4140 —
480 4110 613 4170 relinquunt
628 4110 698 4153 deest.
804 4121 848 4170 Ι27.
863 4108 906 4152 ΑΕ
920 4121 943 4152 m
959 4121 1045 4164 marg:
1061 4109 1199 4170 Responsio.

215 4160 295 4258 lilii}
309 4168 430 4258 tileth
445 4161 557 4258 aaliz&
570 4161 1199 4268 llllttlhtlhrhitltltlh‘lhllffllfl‘³

269 4370 308 4405 η.
327 4355 344 4406 Ι.
363 4355 423 4406 Joh.
439 4357 468 4418 V,
487 4370 513 4421 4.
585 4372 625 4424 ²9·
647 4358 675 4407 lu
694 4358 804 4425 epistula
825 4358 857 4408 ad
878 4358 1022 4408 Caecilium
1043 4356 1096 4425 (ed.
1117 4358 1198 4409 head.

214 4423 349 4490 lindebi,
367 4439 427 4493 pag.
439 4440 586 4493 701-717.
