3166 5212
589 475 1113 527 Jounuurswrcursnnnouun
1180 453 1304 543 [sunno
1319 460 1364 506 111.

369 634 541 691 induceret?
577 637 700 692 Certum
739 650 782 693 est
818 638 899 711 quod
937 634 1081 710 quicquid
1115 625 1364 691 ministraverint

370 722 503 793 ecclesie,
528 736 572 778 est
595 722 759 797 irregulare
784 742 894 780 nocens
919 723 977 779 illis
1001 737 1092 797 atque
1117 719 1256 788 ecclesie,
1288 733 1363 772 cum

369 829 386 866 a
408 809 528 866 Christo
551 811 597 866 vel
622 811 766 885 apostolis
790 829 851 868 non
875 812 986 867 habent
1010 811 1191 884 exemplum,
1217 819 1252 863 ut
1276 803 1366 896 ipsos

369 899 523 972 sequendo
544 897 643 954 taliter
664 913 835 972 operentur.
862 898 954 972 Igitur
974 916 1009 955 ve
1030 897 1140 955 talibus
1163 892 1286 991 clericis
1309 906 1390 989 qul,

370 984 502 1057 practice
523 984 694 1043 didicerunt
715 985 797 1056 talia,
820 1005 887 1043 cum
910 1004 971 1042 non
992 986 1103 1042 habent
1124 994 1393 1073 excusacionems

370 1072 490 1128 Christo
523 1087 689 1147 acceptam,
719 1075 790 1129 dum
820 1073 933 1147 querit:
961 1072 1042 1149 Quid
1068 1073 1108 1128 ad
1134 1071 1185 1128 te?
1219 1069 1300 1125 Cum
1332 1081 1366 1118 ln

371 1159 427 1215 hoc
455 1158 592 1233 implicas
617 1162 698 1235 quod
726 1159 782 1216 sim
811 1160 853 1215 tui
882 1158 988 1216 similis
1016 1159 1205 1216 scandalizas
1235 1172 1296 1212 me.
1327 1153 1368 1207 Et

370 1260 452 1319 patet
474 1247 684 1321 exemplariter
705 1249 860 1321 quomodo
885 1247 916 1303 in
939 1246 1096 1321 irregulari
1121 1240 1368 1303 conversacione

371 1332 591 1408 occupaciones
624 1334 802 1391 clericorum
841 1349 910 1391 sunt
943 1336 1024 1409 apud
1056 1332 1188 1390 iudicem
1223 1328 1367 1407 primum

371 1421 589 1495 dampnabiles.
1383 1431 1414 1467 ιο

193 1512 212 1556 3.
228 1513 322 1573 priests*
414 1510 450 1563 Et
479 1511 579 1582 quoad
610 1508 736 1565 tercium
766 1522 848 1583 patet
877 1510 959 1584 quod
987 1527 1077 1565 nemo
1111 1521 1154 1565 est
1188 1507 1257 1581 plus
1292 1519 1365 1578 pre·

193 1566 324 1662 ffiiffigi
370 1594 438 1650 latis
475 1594 585 1652 siciens
624 1597 758 1652 seculare
797 1595 977 1666 dominium,
1021 1614 1088 1652 cum
1129 1592 1267 1651 frustrati
1309 1606 1368 1664 per

371 1695 487 1754 patrem
521 1702 608 1739 suum
642 1702 659 1740 a
693 1683 859 1740 ministerio
897 1682 1051 1758 quietante
1089 1677 1367 1755 circumpalpitant

371 1771 527 1842 quomodo
551 1769 581 1826 in
605 1771 763 1844 peregrino
792 1770 893 1827 officio
922 1771 1061 1845 placeant
1088 1769 1167 1844 patri
1197 1761 1369 1824 mendacii.

372 1859 432 1911 Nec
460 1857 560 1912 solum
588 1856 742 1914 iudicandi
770 1871 839 1913 sunt
867 1859 941 1914 tales
970 1856 1071 1915 clerici
1095 1857 1147 1913 sed
1171 1851 1292 1912 domini
1319 1850 1414 1906 se-15

372 1944 488 1999 culares
518 1962 552 2000 ex
580 1963 727 2001 consensu
755 1944 799 2000 sui
829 1959 913 2002 actus
936 1943 1084 2019 nepharii.
1114 1942 1254 2000 Christus
1280 1937 1368 1996 enim

375 2032 419 2098 (ut
443 2030 557 2086 dictum
582 2028 640 2105 est)
665 2031 719 2088 fuit
740 2030 927 2105 gratissimus
948 2031 1039 2089 statui
1060 2029 1245 2087 secularium
1264 2023 1370 2083 dorni·

374 2135 492 2187 norum,
526 2117 625 2191 primo
658 2117 689 2174 in
722 2120 780 2175 hoc
809 2122 890 2194 quod
919 2121 993 2177 dans
1022 2118 1080 2175 illis
1109 2130 1296 2193 potestatem
1327 2112 1369 2169 ad

166 2205 245 2276 ‘Ebria‘
261 2205 355 2248 stranea
375 2203 582 2277 castigandum
606 2205 729 2262 effrenes
751 2205 782 2262 in
802 2225 856 2263 sua
876 2206 1002 2263 ecclesia
1024 2205 1113 2279 elegit
1135 2203 1220 2262 nasci
1237 2202 1270 2259 in
1287 2214 1369 2257 tem-

176 2259 347 2352 ¹“iiiiii-iiiii
375 2309 448 2363 pore
480 2290 568 2346 huius
596 2290 741 2349 altissime
773 2293 939 2367 potestatis,
970 2295 1102 2350 secundo
1131 2291 1162 2348 in
1191 2292 1250 2347 hoc
1280 2287 1416 2364 quodro

376 2395 556 2433 conversans
585 2377 615 2433 in
643 2391 721 2436 terra
749 2399 809 2436 non
839 2381 943 2437 habuit
971 2381 1018 2437 vel
1047 2382 1172 2436 domum
1202 2374 1367 2452 propriam

377 2462 547 2520 diminuens
571 2483 721 2522 cesaream
747 2480 937 2540 potestatem,
963 2481 991 2524 et
1015 2466 1110 2524 tercio
1134 2466 1165 2522 in
1190 2466 1249 2521 hoc
1279 2462 1369 2538 quod

377 2551 488 2605 nedum
517 2552 710 2609 sentenciavit
739 2553 871 2610 debitum
902 2553 967 2611 dari
996 2553 1101 2623 cesari,
1126 2571 1231 2609 verum
1264 2549 1368 2608 eciam

379 2635 508 2691 reddidit
532 2636 587 2692 sibi
611 2637 755 2696 tributum
780 2659 835 2714 pro
859 2658 890 2697 se
913 2655 942 2698 et
965 2659 1019 2697 sua
1049 2639 1174 2698 familia.
1208 2640 1269 2696 Sed
1295 2647 1370 2711 post

378 2733 423 2776 tot
456 2721 653 2794 gratitudines
687 2725 800 2783 domini
829 2729 978 2785 seculares
1006 2727 1097 2784 nimis
1124 2727 1244 2800 ingrate
1274 2720 1415 2780 deor-25

380 2807 523 2863 dinarunt
548 2809 657 2866 Christi
682 2811 789 2869 milites
813 2814 1001 2872 ordinacioni
1026 2833 1079 2871 sue
1103 2812 1267 2882 contrarie,
1293 2826 1369 2867 cum

382 2892 431 2947 ubi
450 2893 585 2950 Christus
608 2896 756 2954 ordinavit
776 2899 953 2973 primiceros
977 2921 1047 2958 suos
1072 2904 1182 2958 debere
1205 2917 1271 2956 esse
1296 2897 1371 2972 plus

382 2998 530 3051 pauperes
541 2999 596 3053 pro
613 2985 816 3057 complecione
834 3006 885 3044 sue
902 2987 1013 3045 milicie
1028 3008 1090 3045 non
1108 2989 1219 3044 habere
1236 2982 1370 3042 divicias

383 3083 400 3119 a
429 3067 549 3138 sequela
578 3068 697 3125 Domini
725 3075 919 3145 retardantes,
952 3075 1000 3131 isti
1029 3095 1062 3132 ex
1093 3075 1211 3132 cautela
1240 3068 1370 3147 dyaboli

384 3165 511 3207 onerant
544 3151 624 3226 ipsos
655 3155 743 3212 nimis
776 3175 962 3218 monstruose
997 3182 1065 3220 cum
1100 3160 1206 3218 mundi
1234 3157 1370 3216 diviciis.
1385 3158 1419 3209 30

385 3237 456 3292 Ideo
477 3236 553 3293 sicut
573 3243 740 3299 necessario
761 3246 861 3303 deficit
881 3249 1044 3322 spiritualis
1066 3248 1189 3319 milicia,
1211 3247 1255 3304 sic
1272 3264 1371 3321 opor-

385 3335 428 3377 tet
461 3327 542 3397 quod
575 3329 740 3401 corporalis
773 3331 883 3390 milicia
915 3336 1043 3393 deficiat.
1084 3341 1152 3393 Non
1183 3335 1227 3392 sic
1260 3347 1370 3390 autem

387 3410 491 3464 beatus
509 3412 695 3485 Evangelista
718 3417 768 3491 qui
791 3418 859 3476 licet
883 3421 936 3478 fuit
957 3442 1035 3497 papa
1055 3436 1084 3479 et
1105 3422 1266 3497 episcopus
1284 3438 1372 3477 exer-

388 3493 464 3550 citus
480 3495 590 3553 Christi
609 3501 777 3576 precipuus,
792 3517 852 3561 tarn
873 3522 977 3580 potens
996 3510 1152 3567 dominare
1171 3509 1274 3584 quiete
1291 3505 1373 3581 fugit

388 3580 632 3641 dominacionem
666 3586 836 3647 huiusmodi
865 3607 896 3649 ut
924 3615 1083 3666 venenum3
1111 3616 1182 3654 nam
1211 3594 1430 3652 silvestres35·

388 3666 509 3723 frondes
538 3671 662 3727 mutavit
691 3672 720 3729 in
744 3693 849 3734 aurum
873 3693 901 3735 et
923 3681 1034 3739 littoria
1058 3702 1127 3741 saxa
1147 3679 1151 3766 Ι
1172 3683 1203 3740 in
1226 3699 1373 3757 gemmas
1382 3665 1453 3782 Ὦ

388 3772 450 3809 non
476 3773 531 3827 pro
557 3775 611 3813 usu
633 3760 756 3833 proprio
776 3765 827 3819 sed
848 3768 885 3821 ad
907 3782 1017 3826 mentes
1039 3770 1162 3844 cupidas
1184 3751 1396 3828 saciandum¹

442 3989 655 4044 4.A:sequcntes.
703 3993 904 4054 6.D:aChristo.
950 4015 969 4055 7.
981 4004 1176 4059 DE:implicans.
1227 4007 1373 4061 uaeque

391 4040 463 4097 modo
478 4040 553 4100 deest:
570 4041 601 4084 D:
617 4046 736 4097 quomodo
751 4059 773 4088 tn
790 4061 860 4101 marg.
875 4052 955 4094 added.
1017 4070 1038 4105 o.
1054 4058 1085 4099 ll:
1101 4059 1162 4113 quod
1179 4060 1371 4113 occupaciones;

391 4090 422 4148 rb.
439 4092 623 4150 ilrclertcorum
639 4095 709 4154 deest.
759 4111 788 4139 ιο.
800 4100 818 4141 l)
829 4101 850 4142 in
862 4114 943 4156 marg:
959 4104 978 4148 3.
992 4105 1092 4151 [iotacio.
1142 4123 1173 4160 ri.
1185 4111 1236 4152 nE:
1253 4111 1276 4152 in
1293 4111 1372 4152 deest.

391 4150 423 4184 iti.
440 4142 458 4202 ll
474 4155 497 4184 ιη
509 4155 598 4202 marg:
615 4145 722 4205 Cltrtstus
737 4152 803 4192 statui
819 4154 912 4196 seculari
928 4158 1078 4208 gratissimus.
1139 4175 1170 4221 ¹9·
1186 4165 1219 4205 A:
1236 4176 1278 4204 sua
1295 4163 1373 4204 deest.
1457 4162 1465 4183 ³

391 4191 670 4255 23.l·,:'trrhutumdurt.
720 4204 818 4260 aph:
851 4208 1052 4259 ronmrciossuos;
1073 4213 1374 4268 inbuimur-gesem-

391 4245 452 4304 lu'res
466 4245 561 4288 christo
577 4249 704 4308 rependunt
720 4216 912 4306 ingratitudinem.
965 4260 998 4302 30.
1013 4266 1045 4304 A:
1061 4275 1163 4307 onerant.
1217 4265 1247 4309 31.
1264 4269 1299 4309 A:
1318 4279 1374 4320 spe-

391 4297 464 4355 cialis.
519 4296 552 4340 32.
564 4299 597 4341 A:
614 4300 711 4362 dchctnat.
726 4303 821 4346 deliciut.
873 4307 904 4349 33.
917 4312 937 4351 Α
951 4311 972 4353 iu
989 4326 1071 4367 marg:
1087 4316 1202 4359 Johunncs
1216 4318 1374 4376 livangelista

391 4346 519 4443 itit'ttpupaf.
563 4349 912 4444 d34.llhtcnusnmpotens;
934 4362 1136 4420 ianthinum.
1211 4369 1372 4413 35.3o.1)h·:

392 4411 405 4442 ι
423 4410 493 4442 urens
518 4411 560 4443 ron
579 4415 612 4444 es.
