3166 5212
224 475 443 567 sannorum]
576 498 737 550 secunus
758 497 854 549 Plias.

224 659 350 734 pienter,
384 677 452 715 cum
487 658 623 715 Christus
660 659 814 734 sapiencia
846 658 901 716 Dei
940 657 1045 733 patris,
1076 657 1119 714 sic
1151 677 1212 715 non

224 746 361 821 predicat
395 747 442 803 vel
475 748 525 802 dat
560 746 748 820 spiritualem
787 748 991 821 elemosynam
1026 745 1056 801 in
1089 743 1212 802 nomine

225 833 336 890 Christi
359 833 417 890 nisi
440 833 537 908 ipsam
562 834 665 890 fecerit
689 833 856 908 sapienter;
885 847 913 891 et
943 833 1011 890 ideo
1040 832 1138 889 racio:
1167 832 1211 888 in·

224 921 400 978 terdicenda
436 933 479 977 est
517 920 681 978 elemosina
715 923 815 996 quoad
849 920 1003 977 mendicos
1035 919 1151 978 validos
1184 932 1213 975 et

199 1011 326 1083 5quoad
350 1008 426 1065 alios
450 1027 518 1065 cum
544 1008 709 1082 prudencia
734 1010 929 1065 moderanda.

571 1196 717 1258 SERMO
742 1197 865 1258 XLVll.

268 1322 419 1399 Egressus
441 1322 524 1378 Jesns
542 1323 578 1377 de
593 1322 700 1398 templo
724 1322 791 1378 ibat.
816 1322 856 1377 Et
879 1333 1063 1378 accesserunt
1086 1324 1126 1378 ad
1148 1341 1211 1379 eum

226 1408 361 1484 discipuli
397 1409 467 1475 eins,
505 1420 534 1464 nt
573 1410 757 1465 ostenderent
795 1410 821 1466 ei
863 1409 1061 1486 edificaciones
1103 1409 1212 1486 templi.

226 1494 351 1552 Matthei
376 1497 494 1566 XXIV⁰‚
525 1515 548 1551 1.

184 1602 215 1635 10
270 1585 336 1639 Hoc
361 1582 548 1656 evangelium
578 1595 609 1638 ut
638 1581 741 1656 priora
770 1583 858 1638 docet
886 1582 1016 1639 formam
1045 1585 1211 1640 secundum

226 1688 316 1744 quam
343 1671 451 1726 debent
477 1682 622 1743 martyres
640 1687 708 1725 cum
727 1669 870 1725 membris
888 1669 1008 1743 dyaboli
1026 1683 1211 1727 concertare.

226 1759 262 1811 Et
301 1770 401 1830 potest
433 1756 533 1814 notari
566 1755 685 1814 mistice
718 1758 873 1831 quomodo
907 1775 1043 1829 egressus
1075 1759 1143 1814 Jesu
1177 1759 1213 1814 de

226 1844 340 1917 templo
357 1844 455 1917 signat
471 1843 667 1918 spiritualiter
683 1862 834 1917 egressum
852 1845 1058 1900 membrorum
1075 1863 1092 1901 a
1109 1856 1214 1905 sancta

227 1931 353 1987 ecclesia
377 1933 542 1987 secundum
568 1943 737 2005 presentem
762 1929 956 2001 iniusticiam,
980 1934 1113 1989 secundo
1138 1950 1213 2006 quo-

186 2022 214 2073 15
228 2020 319 2074 modo
343 2018 440 2074 sancti
461 2017 583 2093 spiritus
607 2017 749 2075 assistunt
773 2016 995 2093 predestinatis,
1020 2021 1213 2075 ostendentes

226 2104 285 2160 illis
323 2105 455 2162 defectus
494 2105 620 2162 ecclesie
660 2107 704 2178 (ut
742 2105 841 2179 patuit
879 2106 916 2161 de
954 2104 1145 2180 Evangelista
1183 2104 1213 2160 in

226 2192 431 2266 Apocalypsi).
457 2195 518 2248 Nec
542 2204 585 2248 est
615 2192 819 2266 repugnancia
842 2193 924 2266 quod
949 2191 1089 2266 discipuli
1113 2206 1213 2249 osten-

227 2281 335 2335 derunt
347 2279 467 2336 Christo
480 2278 692 2336 edificaciones
704 2278 892 2336 inordinatas
904 2278 1009 2352 templi
1022 2281 1123 2353 quoad
1136 2279 1214 2336 noti·

228 2365 305 2422 ciam
330 2367 509 2437 sensualem,
534 2380 563 2422 et
580 2385 648 2423 cum
665 2364 729 2441 ipse
746 2365 878 2423 ostendit
895 2364 936 2422 eis
953 2365 1107 2424 racionem
1126 2366 1214 2423 huius

185 2453 471 2510 aodeordinacionis
504 2455 605 2528 quoad
633 2452 778 2511 noticiam
811 2451 1024 2527 sapiencialem
1055 2467 1083 2510 et
1111 2472 1214 2511 sensus

228 2539 339 2597 residui
369 2541 456 2596 huius
485 2540 642 2615 evangelii,
671 2553 754 2616 patet
779 2542 925 2598 Sermone
949 2542 1084 2596 ΧΧΧΙΧ0
1114 2540 1213 2597 huius.

271 2628 360 2685 Circa
393 2630 450 2684 hoc
480 2626 666 2702 evangelium
701 2626 857 2684 dubitatur
884 2630 1041 2702 quomodo
1069 2627 1140 2685 licet
1175 2630 1214 2685 ad

229 2715 303 2771 tales
327 2728 520 2789 sumptuosas
544 2714 675 2772 fabricas
699 2714 882 2772 mendicare.
908 2718 945 2770 Et
969 2728 1051 2790 patet
1075 2733 1108 2772 ex
1125 2713 1214 2772 dictis

228 2804 384 2877 quomodo
408 2802 574 2859 elemosina
598 2803 636 2859 ad
660 2802 732 2860 talia
762 2804 850 2859 debet
874 2815 999 2877 propter
1023 2802 1232 2876 probabilem.

185 2889 431 2963 risuspicionem
456 2888 635 2964 simpliciter
664 2889 821 2963 denegari;
851 2889 956 2946 melius
985 2889 1108 2963 quidem
1138 2901 1214 2946 esset

227 2979 309 3051 quod
334 2996 395 3033 non
420 2977 518 3034 forent
542 2978 617 3033 tales
641 2976 763 3033 fabrice.
800 2979 865 3047 Que
889 2995 960 3051 ergo
985 2975 1151 3035 elemosina
1175 2979 1214 3034 ad

228 3064 294 3120 illas
319 3063 548 3121 infundabiliter
572 3064 828 3121 construendum?
857 3064 916 3121 Sed
940 3062 1020 3122 circa
1045 3066 1102 3122 hoc
1126 3082 1214 3121 evan·
1233 3074 1308 3117 Seven
1323 3079 1384 3117 som
1398 3079 1422 3116 ot

227 3150 337 3224 gelium
372 3164 415 3207 est
447 3153 613 3208 notandum
645 3153 725 3227 quod
754 3164 869 3226 septem
902 3170 1012 3226 genera
1043 3151 1212 3208 validorum
1225 3125 1306 3182 ”¹⁸³5
1321 3126 1431 3182 beggam:

229 3237 471 3295 mendicancium
500 3252 569 3294 sunt
597 3238 656 3295 fine
684 3240 861 3296 detestande
894 3237 1096 3313 spoliaciones
1133 3258 1214 3296 men-

185 3330 216 3380 30
228 3324 399 3381 dicancium
423 3325 608 3397 validorum3
633 3325 732 3400 prima
756 3339 799 3383 est
820 3325 881 3383 sive
904 3325 1115 3399 religiosorum
1133 3344 1215 3382 men·
1244 3349 1259 3380 ι.
1275 3336 1354 3379 Friars
1368 3336 1413 3380 and

228 3411 398 3469 dicancium
424 3427 456 3468 ut
481 3413 597 3483 fratres,
620 3413 680 3471 sive
698 3412 993 3488 possessionatorum
1018 3426 1051 3469 ut
1074 3412 1215 3470 monachi
1247 3389 1411 3446 omerciergy.

227 3512 278 3556 aut
296 3499 444 3571 canonici,
463 3498 523 3556 sive
540 3499 721 3557 secularium
740 3500 920 3559 clericorum
938 3500 989 3575 qui
1007 3499 1215 3575 principaliter

157 3573 214 3669 ¹⁷⁰2·
227 3585 383 3660 predicant
404 3583 409 3665 Ι
429 3600 554 3662 propter
577 3600 717 3661 questum
734 3589 780 3645 vel
805 3587 920 3662 fingunt
944 3586 1130 3662 indigencias
1146 3605 1216 3645 suas

154 3657 197 3694 ¹²¹
226 3673 389 3730 elemosine
427 3676 465 3730 ad
504 3674 738 3732 conscribendas
776 3674 905 3732 fabricas
942 3675 988 3731 vel
1026 3675 1215 3731 fundandum

182 3760 299 3817 35alias
332 3760 489 3817 novitates.
530 3762 644 3818 Omnes
678 3760 757 3819 enim
792 3761 835 3817 illi
869 3764 921 3818 sed
954 3760 1070 3835 primus
1104 3763 1215 3835 gradus

225 3847 369 3922 precipue
399 3861 467 3904 sunt
495 3847 628 3923 fugiendi
657 3861 805 3923 apostate,
837 3867 906 3906 cum
936 3862 1043 3905 notum
1072 3847 1110 3904 sit
1135 3847 1216 3905 fideli

278 4013 332 4057 1---3.
347 4014 400 4057 DE:
416 4026 469 4057 cnm
485 4013 593 4058 Christus
607 4039 632 4046 —
648 4015 764 4110 sapienter
778 4013 849 4057 deest.
909 4027 929 4070 7.
944 4015 966 4058 A
980 4014 1003 4057 in
1019 4026 1107 4069 marn:
1121 4014 1214 4058 XLVll.

226 4066 244 4108 lt
260 4066 282 4109 in
298 4080 371 4121 mare.
387 4080 451 4122 sup:
467 4066 559 4110 XLVll.
616 4080 647 4117 14.

226 4119 335 4162 noticiam
351 4118 422 4162 deest.
463 4131 492 4162 ar.
508 4121 541 4162 A:
558 4119 665 4163 xxx1x⁰
680 4120 749 4162 liuius
764 4120 835 4161 deest.
877 4130 909 4163 22.
926 4119 985 4162 Ain
1002 4131 1088 4174 marg:
1104 4119 1215 4161 Dubium.

225 4181 257 4225 27·
274 4171 292 4213 l)
308 4172 330 4214 in
347 4184 434 4226 marga
450 4171 526 4213 Validi
543 4172 709 4214 mendicantes.
774 4170 808 4214 28.
826 4170 866 4214 llE
881 4171 904 4214 in
920 4184 1007 4225 mara:
1022 4171 1117 4226 Septem
1148 4183 1217 4214 encra

226 4223 355 4282 validorum
379 4223 578 4271 mendicandum:
599 4226 621 4267 Α
637 4224 659 4267 in
675 4236 762 4279 marga
783 4222 845 4267 Nota
867 4231 955 4283 septem
977 4224 1064 4278 gradus
1084 4184 1216 4266 validorum

226 4275 419 4318 mendrcaneium.
436 4288 451 4318 1.
516 4286 527 4316 2
548 4308 552 4317 .
568 4278 602 4319 A:
618 4278 662 4320 fine
677 4277 748 4319 deest.
812 4274 901 4319 30—32.
916 4275 936 4319 l«.
949 4276 973 4319 in
988 4288 1073 4332 marg.:
1091 4288 1108 4330 t,
1124 4286 1143 4329 2,
1159 4274 1179 4331 3,
1194 4290 1216 4329 n.

226 4325 257 4369 35.
273 4329 306 4369 A:
323 4340 377 4370 snas
392 4328 462 4370 deest.
517 4288 549 4372 32.
565 4328 618 4371 Dli:
633 4328 731 4384 aliquas.

713 4066 837 4110 iusticiam.
897 4079 929 4123 19,
946 4077 980 4109 20.
996 4068 1030 4111 A:
1046 4068 1177 4109 sensualem
1192 4090 1217 4098 -

278 4452 301 4502 7.
323 4436 361 4486 Cf.
377 4435 497 4503 Wyclifs
517 4437 654 4500 Sermons,
672 4439 713 4488 ed.
735 4441 768 4503 by
788 4438 898 4499 arnold,
918 4438 937 4499 1,
956 4452 1015 4504 pag.
1037 4436 1181 4503 235-239.

1063 4523 1119 4573 aa*
