3166 5212
199 463 302 509 seatio
316 449 358 537 v]
552 468 713 522 saeuiunt
733 471 828 521 PARS.

196 628 298 685 iudicii
317 628 464 686 Dominus
480 629 560 686 dicet
577 629 634 686 illis
651 631 752 708 Euge;
768 644 796 687 et
814 649 847 687 ex
864 630 1009 687 fidelitate
1027 629 1181 686 meritoria

196 715 311 772 servicii
346 736 401 790 pro
436 717 558 773 modico
586 731 798 774 momentaneo
827 717 935 774 sedebit
964 736 1033 773 cum
1062 715 1183 772 Christo

196 802 226 858 in
250 801 372 869 iudicio,
397 815 424 858 et
441 804 637 859 dominabitur
649 815 821 879 potestatem
845 805 952 860 liabens
974 822 1063 879 super
1087 804 1183 859 decem

196 890 335 959 civitates,
357 892 414 946 hoc
436 904 489 959 est,
506 909 596 965 super
618 890 843 946 universitatem
865 889 1062 964 predestinati
1079 889 1184 963 populi

172 985 285 1050 §quem
316 976 472 1033 convertit.
506 976 590 1033 Sicut
619 977 700 1034 enirn
725 976 827 1034 anima
850 977 930 1034 facta
954 990 998 1033 est
1021 979 1106 1033 sedes
1130 975 1184 1032 Dei

197 1063 239 1118 sic
264 1064 394 1137 populus
418 1065 523 1120 beatus
547 1078 592 1120 est
615 1063 720 1121 civitas
744 1083 835 1140 quam
861 1067 940 1120 Deus
964 1063 1112 1120 inhabitat
1143 1070 1185 1133 (ut

199 1163 280 1224 patet
303 1153 399 1225 Apoc.
424 1150 557 1224 ultimo).

240 1237 281 1292 Et
305 1239 382 1294 ulter
407 1237 458 1311 qui
481 1238 674 1295 mediocriter
700 1237 849 1295 laboravit
871 1240 1041 1295 retardatus
1063 1256 1096 1294 ex
1118 1255 1185 1311 pec·
1224 1249 1274 1292 Tin
1289 1251 1373 1293 second

198 1337 266 1381 cato
294 1323 403 1382 veniali
432 1324 510 1381 sicut
539 1325 664 1399 contigit
693 1325 848 1400 apostolos
877 1326 952 1382 veuit
975 1325 1127 1381 osteudens
1156 1323 1186 1379 in
1218 1303 1379 1397 ¹¹¹¹}Jssslllffffl

157 1412 278 1469 infacto
312 1431 366 1468 suo
400 1414 556 1487 quomodo
589 1413 711 1487 quinque
743 1431 826 1468 narras
858 1431 911 1486 per
943 1431 1012 1468 eum
1037 1410 1185 1468 Dominus
1219 1407 1376 1501 ''j-¹¹,ffi'fdsi'll‘i'

197 1498 325 1574 quesivit
342 1502 379 1555 ad
397 1497 626 1556 edificacionem
646 1499 771 1556 ecclesie
788 1512 816 1556 et
833 1499 895 1572 ipse
913 1500 1185 1573 correspondenter
1246 1476 1257 1503 i
1321 1492 1325 1500 ¹
1360 1491 1364 1500 ’

197 1585 390 1642 constituitur
424 1605 513 1660 super
547 1586 680 1661 quinque
713 1586 873 1643 societates
905 1599 1080 1642 sanctorum
1109 1605 1185 1660 quos

198 1672 344 1729 convertit
372 1675 410 1729 ad
435 1672 614 1741 Dominum3
641 1692 712 1731 nam
744 1674 819 1730 tales
843 1673 980 1730 conversi
1004 1687 1142 1730 crescunt
1167 1691 1184 1729 a

197 1759 318 1833 tugurio
342 1760 424 1816 luteo
448 1759 479 1816 in
504 1759 639 1817 civitates
664 1772 834 1835 perpetuas.

157 1854 185 1903 15
240 1847 299 1902 Sed
321 1848 429 1903 tercius
451 1865 554 1902 servus
582 1866 713 1921 nequam
738 1847 861 1902 ostendit
884 1846 947 1903 sine
972 1865 1063 1903 usura
1087 1865 1183 1902 inuam
1234 1859 1285 1903 The
1301 1859 1362 1903 third

196 1952 286 2009 quam
325 1953 342 1990 a
375 1933 496 1989 Christo
529 1947 683 2007 receperat
716 1934 768 1989 sed
801 1934 957 2009 repositam
990 1935 1018 1988 iu
1052 1934 1183 2003 sudario,
1195 1912 1401 2017 ἓᾏξξέῃῖζιξῇξῐξξζᾙ

196 2021 266 2094 quia
296 2023 377 2077 dona
407 2019 460 2076 Dei
490 2022 680 2076 abscondunt
710 2032 859 2094 quantum
887 2022 925 2076 ad
954 2018 1182 2076 edificacionem
1240 2016 1354 2111 {llillffssst

196 2107 330 2177 ecclesie,
354 2109 406 2164 sed
431 2108 510 2164 bona
533 2107 684 2163 naturalia
708 2126 802 2181 usque
826 2110 864 2163 ad
888 2109 1029 2163 sudorem
1055 2105 1184 2163 excitant
1257 2099 1265 2110 ⁴
1312 2084 1349 2111 ι’

196 2214 251 2268 pro
272 2193 492 2268 temporalibus
516 2209 622 2251 contra
645 2193 807 2250 utilitatem
833 2193 957 2250 ecclesie
981 2192 1182 2268 acquirendis.

153 2302 185 2336 20
197 2284 232 2337 Et
248 2293 320 2338 nota
337 2282 419 2356 quod
437 2280 492 2337 iste
514 2281 626 2337 tercius
643 2300 745 2337 servus
767 2300 898 2355 nequam
915 2279 1017 2336 deficit
1034 2279 1064 2336 in
1079 2282 1182 2350 verbo,

196 2367 266 2443 quia
286 2367 401 2425 ociatus
423 2367 477 2424 fuit
498 2367 529 2424 in
550 2368 683 2442 illisque
706 2381 873 2424 sonuerunt
893 2369 931 2424 ad
954 2365 1181 2423 edificacionem

196 2453 329 2522 ecclesie,
353 2475 421 2511 cum
445 2473 548 2511 mnam
570 2454 625 2511 sibi
643 2458 745 2511 datam
768 2453 928 2511 abscondit
945 2467 972 2510 et
989 2473 1058 2510 cum
1080 2455 1183 2510 seculo

195 2541 369 2615 negociatus
397 2541 462 2612 fuit,
493 2561 561 2598 curn
586 2543 717 2615 dyabolo
748 2540 881 2597 militans
911 2560 941 2597 se
965 2554 994 2597 et
1019 2540 1184 2615 complices

195 2647 265 2684 suos
280 2628 413 2702 negociis
424 2627 610 2685 secularibus
623 2627 799 2702 implicavit.
817 2632 878 2685 Nec
888 2630 967 2685 valet
981 2627 1037 2684 sibi
1055 2630 1181 2684 mendax

153 2722 183 2771 25
196 2716 352 2772 excusacio
373 2718 425 2772 sed
447 2729 583 2773 accusat:
610 2716 705 2770 Timui
723 2716 797 2772 enim
818 2727 846 2771 te
860 2716 926 2790 quia
943 2717 1028 2771 horno
1048 2726 1183 2771 austerus

195 2821 233 2858 es.
263 2803 456 2859 Mendacium
486 2821 520 2859 ex
547 2801 604 2858 isto
634 2801 822 2858 convincitur
846 2805 927 2876 quod
952 2802 1021 2858 licet
1046 2801 1183 2857 Christus

195 2889 233 2945 sit
261 2889 349 2946 iudex
376 2889 591 2959 severissimus,
616 2903 660 2946 est
689 2903 792 2945 tamen
821 2888 1089 2958 mansuetissimus,
1115 2907 1184 2944 cum

196 2975 273 3033 sicut
288 2996 350 3033 non
366 2990 464 3052 potest
476 2976 626 3033 dimittere
644 2975 794 3032 iusticiam
813 2975 855 3032 sic
871 2995 926 3032 nec
944 2974 1183 3031 misericordiam

197 3062 369 3121 iudicando,
388 3066 527 3121 Secundo
545 3066 671 3119 mendax
687 3062 845 3120 excusacio
866 3076 911 3119 est
928 3082 986 3137 qua
1009 3063 1184 3135 blaspheme

154 3155 186 3206 30
198 3149 326 3224 imponit
354 3153 433 3208 hunc
462 3149 590 3207 iudicem
621 3151 727 3206 tollere
756 3152 837 3223 quod
866 3169 927 3205 non
956 3149 1072 3223 posuit;
1101 3151 1183 3223 quod

198 3237 303 3295 exhinc
323 3238 441 3296 videtur
462 3238 569 3294 falsum
587 3239 669 3312 quod
687 3236 824 3292 Christus
845 3239 956 3292 nedum
975 3236 1076 3310 posuit
1093 3254 1183 3291 omne

197 3326 309 3381 bonum
333 3327 384 3382 sed
408 3325 549 3381 virtutem
574 3323 752 3380 incrementi
777 3323 885 3379 indidit
916 3342 1083 3397 cooperans
1113 3341 1182 3378 cum

197 3412 331 3485 qualibet
359 3424 506 3468 creatura.
536 3414 572 3466 Et
600 3424 682 3484 patet
707 3410 801 3467 tercia
826 3411 1002 3484 blasphema
1026 3408 1183 3466 excusacio

196 3519 256 3575 qua
285 3498 394 3555 dicitur
428 3501 505 3554 hunc
538 3497 667 3554 iudicem
698 3509 805 3553 irretere
833 3498 909 3572 quod
938 3516 992 3551 non
1022 3497 1183 3563 sentinari,

154 3589 232 3644 35eo
253 3589 334 3661 quod
356 3586 419 3660 ipse
439 3584 596 3641 seminavit
618 3587 742 3640 verbum
766 3593 852 3639 suum
871 3573 1092 3658 piincipaliter;
1115 3583 1183 3638 ideo

196 3672 332 3730 Christus
362 3691 445 3728 more
473 3691 527 3727 suo
556 3691 589 3727 ex
618 3670 762 3727 confessis
791 3671 944 3744 redarguit
973 3684 1181 3744 peccatorem:

195 3761 247 3817 Ex
269 3779 321 3816 ore
343 3771 402 3825 tuo,
432 3757 538 3833 inquit,
567 3769 595 3814 te
618 3759 723 3828 iudico,
747 3777 831 3814 serre
856 3777 989 3833 aequarit,
1018 3757 1088 3832 quia
1113 3776 1181 3812 cum

195 3849 249 3904 hec
279 3845 338 3903 tria
366 3848 402 3902 de
437 3864 483 3900 mc
516 3859 647 3918 reputas,
677 3865 768 3920 quare
797 3865 851 3900 uon
881 3846 987 3901 dedisti
1013 3847 1181 3900 thesaurum

245 4150 264 4196 3.
282 4151 335 4196 DE:
352 4160 372 4196 et
387 4152 545 4195 dominabitur
560 4151 631 4194 deest.
722 4151 742 4192 8.
759 4149 798 4194 tit]
813 4150 835 4194 iu
852 4161 937 4204 marg:
954 4148 1076 4193 <orandus
1093 4160 1180 4192 servus,

195 4204 222 4248 13.
239 4208 271 4248 A:
289 4206 369 4247 licum.
412 4218 443 4256 ii.
461 4204 511 4247 lili:
527 4205 543 4247 ti
561 4205 622 4253 ario;
639 4205 671 4246 A:
688 4211 804 4257 [agustau.
848 4204 873 4246 15.
891 4204 930 4246 lili
944 4204 966 4245 iu
984 4216 1069 4256 uurrg:
1085 4203 1182 4245 'l'errius

194 4271 282 4300 seruus.
338 4260 368 4299 18.
384 4259 417 4300 A:
435 4258 493 4299 bruta
511 4270 549 4298 ver
567 4270 591 4303 a:
610 4256 639 4298 ib.
657 4256 706 4297 til-3:
725 4256 858 4297 exercitant.
912 4269 946 4297 ao.
965 4255 1014 4298 tili:
1032 4256 1093 4308 quod
1110 4255 1181 4296 deest.

194 4323 228 4352 uo.
245 4311 333 4352 coda:
355 4310 430 4352 delicit
446 4310 467 4351 iu
485 4310 554 4350 verbo
570 4309 682 4363 qiresivit:
698 4309 796 4360 quesivit
813 4310 834 4348 iu
852 4315 911 4348 textu
930 4320 1051 4361 perperam
1068 4308 1181 4348 additum.

194 4362 385 4405 albinstein.
441 4361 664 4415 ati.h:quialicet.
720 4360 984 4413 jlo.l·]:uoitpossiut;
1009 4361 1180 4412 thamnam

193 4426 246 4458 cum
262 4416 323 4470 ipse;
339 4415 400 4470 quod
420 4438 439 4443 -
457 4414 540 4456 nedum
557 4414 628 4455 deest.
671 4411 703 4454 32.
720 4412 769 4454 ilfi:
785 4413 904 4453 cre-ruenti.
947 4411 980 4466 Ξῖ.
992 4414 1025 4454 A:
1042 4411 1104 4465 quod
1121 4424 1181 4453 crini.
