3166 5212
226 485 329 532 sarno
343 469 405 560 nc]
578 490 741 542 secunus
760 490 856 540 raas.

226 649 400 726 precipitur.
434 652 510 706 Nam
545 648 670 706 Matthei
702 648 811 706 ultimo
844 649 982 708 Christus
1014 649 1144 725 precipit
1177 652 1214 708 ad

226 756 346 796 sensum
376 735 559 812 expositum:
584 737 626 792 Ite
650 737 748 793 docete
776 755 873 794 ornnes
899 749 1012 815 gentes,
1036 738 1216 818 baptizantes

226 845 282 883 eos.
310 825 483 900 Baptismus
511 836 612 881 autem
638 822 770 880 flaminis
799 837 843 880 est
866 825 1004 882 absolute
1026 824 1215 882 necessarius
1234 834 1429 897 baptismorum

226 911 385 982 salvandis,
407 911 476 969 ideo
498 910 571 968 dicit
588 910 775 985 evangelium
798 911 971 969 conversiva
988 914 1069 986 quod
1093 887 1420 984 credens.31,¹}¹}¹,}1,¹¹,ffigf,⁰¹

202 1004 253 1058 iet
279 1000 443 1081 baptizatus
470 998 632 1055 salvabitur
660 1012 689 1055 et
718 1000 800 1073 quod
824 998 997 1075 quicunque
1026 1000 1076 1075 qui
1099 1019 1215 1077 semper

218 1088 316 1164 fuerit
331 1105 387 1144 non
403 1087 525 1144 credens
540 1087 807 1163 condempnabitur.
825 1088 901 1143 Cum
919 1105 990 1161 ergo
1000 1086 1067 1144 talis
1083 1087 1215 1145 salvacio

226 1173 263 1231 sit
296 1176 410 1232 bonurn
443 1172 604 1248 optimum,
639 1173 711 1249 quia
747 1173 815 1230 finis
849 1174 973 1231 ultimus
1003 1186 1046 1231 est
1075 1174 1214 1250 eligibilis

225 1261 333 1319 viatori
367 1275 396 1320 et
428 1260 611 1336 dampnacio
645 1261 682 1317 sit
716 1260 783 1318 finis
818 1261 967 1336 pessimus
1001 1261 1130 1319 maxime
1157 1262 1214 1320 sibi

226 1348 388 1420 horribilis,
417 1362 500 1424 patet
528 1348 708 1406 excellencia
743 1349 857 1406 fructus
891 1348 979 1406 huius
1006 1349 1108 1406 oflicii.
1142 1350 1214 1419 Qui-

187 1454 345 1513 rocunque
368 1449 469 1494 autem
495 1438 636 1493 sacerdos
665 1436 798 1512 aliquem
823 1438 951 1511 gradum
976 1436 1115 1494 habuerit
1139 1436 1214 1494 cari-

226 1524 296 1582 tatis
334 1525 423 1581 debet
460 1522 669 1598 principaliter
711 1523 813 1581 officio
854 1523 903 1580 isti
941 1525 1106 1595 intendere,
1143 1524 1214 1600 quia

225 1611 312 1670 aliter
334 1630 391 1669 nec
407 1610 561 1670 Christum
586 1629 641 1668 nec
666 1629 697 1668 se
720 1610 819 1686 ipsum
837 1610 935 1686 diligit
958 1630 1013 1669 nec
1036 1612 1215 1686 regulariter

225 1698 395 1775 proximum
420 1711 452 1755 ut
472 1717 503 1755 se
527 1697 636 1773 ipsum.
662 1701 737 1756 Cum
764 1698 844 1756 enim
869 1699 996 1775 quilibet
1017 1700 1215 1757 necessitatur

224 1786 366 1844 affectare
387 1805 473 1844 suam
495 1785 712 1843 beatitudinem
736 1800 764 1843 et
781 1788 869 1843 debet
891 1786 1015 1862 diligere
1037 1786 1214 1862 regulariter

187 1873 395 1950 riproximum
424 1887 457 1930 ut
483 1892 514 1930 se
543 1873 652 1947 ipsum,
677 1875 766 1931 debet
789 1873 932 1931 affectare
955 1876 1036 1950 quod
1060 1875 1214 1949 proximus

225 1961 262 2018 sit
290 1963 404 2019 beatus.
438 1963 475 2017 Et
504 1979 572 2017 cum
601 1980 663 2018 non
690 1975 789 2036 potest
819 1980 883 2019 esse
911 1963 1016 2019 beatus
1043 1961 1101 2018 nisi
1134 1974 1214 2019 recte

225 2048 395 2120 crediderit,
413 2049 502 2105 debet
518 2050 576 2105 hoc
599 2050 780 2106 antecedens
804 2061 956 2124 appetere.
982 2050 1040 2107 Sed
1058 2052 1213 2124 quomodo

224 2136 323 2211 ipsum
361 2149 527 2211 appeteret,
568 2136 591 2192 si
624 2138 714 2193 habet
747 2155 765 2193 a
800 2136 920 2193 Christo
953 2137 1011 2194 hoc
1043 2135 1213 2194 iniunctum

225 2222 357 2281 officium
383 2236 412 2281 et
436 2236 539 2281 tamen
562 2223 694 2298 segniter
717 2223 844 2280 dimittit
869 2223 1067 2299 evangelium.
1092 2227 1129 2280 Et
1153 2243 1214 2282 non

183 2310 349 2368 rodubium
378 2310 451 2386 quin
480 2310 680 2385 impedientes
709 2330 830 2368 cursum
855 2311 1029 2368 huiusmodi
1052 2311 1136 2369 verbi
1160 2311 1214 2369 Dei

224 2411 292 2456 sunt
316 2397 428 2455 Christi
452 2411 481 2455 et
505 2397 630 2456 ecclesie
653 2398 772 2456 notorie
796 2399 978 2474 proditores.

267 2485 408 2561 Quinque
431 2498 532 2542 autem
557 2498 627 2543 sunt
650 2485 735 2561 signa
759 2486 868 2562 quibus
892 2486 1023 2544 discerni
1047 2486 1159 2562 poterit
1182 2487 1214 2543 in
1244 2495 1299 2538 Five
1314 2495 1418 2556 signstol

224 2572 331 2630 effectu
363 2573 514 2630 rectitudo
551 2573 639 2630 huius
677 2573 768 2631 officii
808 2573 999 2649 predicandi:
1034 2576 1066 2631 ln
1101 2574 1214 2631 nornine
1232 2555 1283 2591 “¹¹⁰
1298 2561 1312 2603 Ρ
1315 2548 1430 2603 reaching.

228 2660 340 2717 Christi
362 2661 494 2717 dentonio
518 2661 627 2734 eicient,
652 2661 760 2739 linguis
783 2661 936 2737 loquentur
952 2663 1043 2733 novis,
1066 2673 1214 2738 serpentes

184 2749 213 2800 25
224 2747 324 2805 tollent
346 2759 374 2805 et
395 2749 422 2805 si
436 2748 621 2823 mortiferum
638 2750 708 2823 qnid
723 2749 844 2805 biberint
861 2767 916 2805 non
933 2750 974 2805 eis
989 2749 1108 2818 nocebit,
1125 2768 1214 2825 snper

224 2854 313 2914 egros
328 2855 432 2892 monus
448 2836 593 2912 imponent
615 2847 642 2892 et
665 2838 734 2892 bene
757 2837 907 2892 habebunt.
933 2837 991 2893 lsta
1008 2850 1109 2893 autem
1126 2835 1212 2912 quin·

224 2940 282 2998 que
305 2934 367 2980 tam
391 2922 422 2979 in
446 2923 688 2998 predicatoribus
710 2942 800 2999 quam
826 2923 964 2980 fidelibus
981 2923 1090 2998 quibus
1113 2922 1213 2999 predi·

225 3023 326 3068 catum
354 3023 399 3067 est
427 3009 457 3066 in
485 3009 612 3067 ecclesia
641 3010 794 3086 primitiva
827 3011 915 3084 longe
943 3011 1030 3068 aliter
1058 3010 1212 3069 verificata

225 3110 293 3154 sunt
330 3116 421 3173 quam
455 3097 651 3155 verificantur
678 3097 709 3155 in
741 3099 857 3173 populo
885 3111 1114 3174 consequenter,
1148 3112 1212 3154 tum

183 3186 215 3237 30
225 3183 296 3260 quia
319 3197 390 3242 tunc
413 3185 620 3242 necessariora
644 3199 729 3243 erant
754 3185 909 3256 miracula,
933 3199 998 3243 tum
1022 3186 1118 3243 eciam
1142 3185 1214 3261 quia

225 3285 286 3329 tam
307 3271 338 3330 in
359 3271 585 3347 predicantibus
602 3292 693 3348 quam
716 3274 830 3348 populo
848 3286 918 3330 tunc
941 3273 1016 3330 fides
1036 3287 1064 3330 et
1087 3272 1213 3330 devocio

224 3358 279 3416 fuit
313 3359 419 3416 maior.
457 3362 586 3436 Oportet
614 3373 717 3418 tamen
751 3362 806 3418 hec
834 3360 969 3436 quinque
996 3359 1146 3418 verificari
1175 3362 1212 3417 ad
1236 3370 1416 3432 Theyaresritt

223 3464 343 3504 sensum
373 3446 505 3521 aliquem
537 3447 567 3503 in
595 3448 731 3523 quolibet
760 3448 840 3505 fideli
866 3447 914 3504 cui
938 3461 1006 3504 sunt
1030 3424 1431 3532 istaneces·{{,⁸,{f,¹},¹,1¹¹¹„¹,¹,¹,‘‡'

223 3533 303 3592 saria
330 3534 484 3610 requisita.
514 3537 600 3592 Tunc
630 3535 710 3593 enim
740 3534 837 3592 fidelis
866 3536 998 3592 demonio
1027 3535 1107 3591 eiciet
1136 3553 1153 3592 a
1182 3553 1214 3592 se
1238 3542 1253 3572 ¹·
1268 3527 1366 3624 0323}
1381 3534 1422 3570 ⁰¹¹¹

182 3621 299 3697 35ips0,
329 3624 452 3697 quando
480 3641 511 3679 se
540 3638 647 3698 purget
671 3641 689 3680 a
712 3622 853 3695 crimine;
883 3642 952 3680 cum
976 3623 1056 3679 enim
1082 3622 1213 3697 quelibet
1365 3612 1370 3622 ’

156 3762 176 3812 F
223 3708 337 3784 species
367 3709 502 3767 criminis
526 3711 616 3767 habet
640 3729 733 3767 unum
759 3710 915 3768 diabolum
941 3709 1142 3781 assistentem,
1171 3709 1213 3766 sic

152 3765 305 3883 ²3⁰3¹iquod
329 3796 405 3853 alius
429 3796 467 3854 sit
490 3797 613 3872 spiritus
630 3796 780 3873 superbie,
805 3798 881 3855 alius
902 3796 906 3876 Ι
928 3797 1042 3854 luxurie
1067 3810 1095 3854 et
1111 3796 1153 3854 sic
1178 3799 1214 3853 de

225 3882 326 3941 multis
359 3883 476 3954 mediis,
506 3898 588 3959 patet
617 3887 698 3961 quod
732 3887 825 3943 homo
858 3887 1016 3960 purgando
1049 3903 1080 3941 se
1111 3903 1128 3941 a
1161 3883 1213 3940 tali

225 3969 351 4028 crimine
379 3972 499 4047 expellit
523 3972 689 4043 diabolum,
719 3986 747 4030 et
772 3975 829 4030 hoc
851 3973 971 4030 videtur
994 3990 1058 4029 esse
1081 3971 1213 4046 primum

181 4058 356 4126 4oolficium
384 4059 454 4117 fidei
479 4059 652 4118 christiane.

267 4147 406 4203 Secundo
446 4148 554 4225 linguis
592 4149 745 4224 loquentur
778 4148 869 4220 novis,
908 4146 979 4222 quia
1016 4165 1139 4204 necesse
1172 4159 1216 4203 est
1254 4167 1273 4198 2.
1289 4153 1406 4210 sperling

226 4235 305 4308 quod
337 4233 380 4291 sic
409 4235 539 4309 expulsis
568 4235 718 4293 demoniis
747 4234 1004 4293 communicativa
1033 4233 1143 4292 caritas
1171 4233 1215 4291 in·
1240 4207 1417 4263 W¹¹¹¹¹⁰¹¹⁸¹¹⁰⁵·

278 4455 303 4489 a.
321 4440 412 4491 Matth.
432 4441 549 4504 XXVlll,
567 4458 604 4508 ιι).
671 4461 697 4506 4.
716 4442 793 4492 llarci
816 4440 885 4506 XVI,
902 4439 939 4492 rb.
1008 4441 1049 4492 23.
1068 4440 1103 4491 ib.
1123 4439 1215 4505 17,18.

1079 4544 1111 4594 29
