3166 5212
218 468 323 517 struo
338 451 403 542 vu]
569 477 733 528 saeuum
751 476 848 529 raas.

217 648 318 693 autern
344 633 455 691 Christi
483 648 552 692 ante
581 636 657 693 hanc
685 638 789 695 horam
821 638 1006 712 reliquerunt
1031 635 1205 693 meritorius

219 735 248 779 et
268 721 403 778 securius
424 724 478 778 hec
501 724 668 792 mundaum
690 742 744 781 nec
765 738 885 799 oportet
907 723 931 780 si
953 726 1045 781 bomo
1063 721 1206 797 relinquit

218 807 321 883 aliqua
338 810 419 883 quod
437 811 591 884 quondam
613 811 788 868 seculariter
805 813 914 868 habeat
937 810 997 881 illa,
1012 830 1082 868 cum
1102 813 1206 866 Petrus

218 910 248 954 et
269 895 360 953 ceteri
381 896 511 971 apostoli
535 899 647 954 mundo
668 897 740 954 satis
761 917 909 973 pauperes
929 897 1032 955 omnia
1051 898 1207 954 mundana

193 982 416 1058 §reliquerunt
441 983 511 1058 quia
535 983 769 1042 sollicitudinem
794 998 823 1042 et
846 984 1041 1042 affeccionem
1066 986 1104 1041 ad
1134 982 1207 1040 talia

219 1069 342 1128 eciamsi
381 1071 491 1128 habere
528 1083 668 1144 poterant
700 1071 888 1128 dimiserunt.
927 1072 964 1128 Et
1001 1071 1079 1128 miro
1115 1071 1207 1127 modo

219 1159 275 1214 hec
306 1159 451 1215 umbrosa
484 1171 512 1214 et
545 1169 664 1215 terrena
693 1159 845 1232 possessio
873 1158 915 1215 sic
944 1160 1061 1215 deserta
1091 1156 1207 1213 inducit

219 1242 443 1320 possessionem
469 1244 673 1318 evangelicam
698 1246 856 1303 veriorem.

263 1332 305 1388 Ex
334 1330 393 1388 fide
422 1345 523 1389 autem
552 1331 700 1407 scripture
729 1333 810 1390 credi
838 1344 959 1408 oportet
986 1334 1068 1408 quod
1102 1333 1208 1389 beatus
1252 1335 1400 1398 Webeueve

179 1419 330 1477 roPaulus
353 1417 424 1475 vixit
448 1432 476 1476 et
499 1437 580 1476 nunc
603 1432 708 1493 regnat
732 1419 809 1477 inter
831 1438 936 1477 omnes
960 1418 1073 1477 Christi
1098 1417 1207 1475 milites
1227 1389 1289 1484 tpppp
1301 1387 1427 1484 iiiiii?

220 1504 379 1581 gloriosus.
404 1508 482 1563 Nam
506 1508 571 1563 Act.
590 1508 654 1576 lX⁰‚
678 1507 711 1562 15
737 1506 887 1581 promittit
904 1506 1041 1565 Christus
1065 1506 1148 1582 quod
1171 1506 1209 1562 sit
1224 1492 1426 1536 sainrrnheaven.

219 1594 275 1650 sibi
289 1610 341 1650 vas
364 1592 514 1649 eleccionis
537 1595 574 1650 ad
599 1592 816 1651 beatitudinem
840 1612 873 1651 ex
896 1613 952 1651 suo
974 1593 1076 1652 officio
1105 1592 1208 1669 acqui·

221 1681 357 1737 rendam.
387 1682 498 1736 lterum
527 1682 565 1736 ad
590 1682 785 1751 Rom.Vlll⁰,
812 1681 850 1739 30
877 1680 951 1738 dicit
985 1683 1091 1738 eadem
1121 1680 1209 1737 Fides

221 1767 303 1843 quod
331 1766 411 1823 nulla
439 1778 576 1824 creatura
597 1768 707 1843 poterit
736 1785 785 1825 eos
807 1785 948 1845 separare
969 1787 986 1823 a
1009 1768 1134 1825 caritate
1157 1785 1210 1842 que

180 1856 263 1912 rSest
290 1853 319 1911 in
346 1854 465 1911 Christo
487 1855 564 1911 lesu.
597 1856 640 1910 Ex
668 1873 728 1929 quo
752 1867 833 1929 patet
857 1873 926 1912 curn
951 1853 1052 1911 multis
1077 1854 1210 1912 affirma·

221 1939 359 1999 cionibus
388 1940 458 1998 fidei
487 1943 569 2017 quod
597 1959 651 2016 per
681 1940 899 1998 revelacionem
930 1940 1015 1997 scivit
1039 1942 1122 2016 quod
1146 1939 1210 2015 ipse

221 2027 321 2086 etalii
343 2028 462 2085 fuerant
484 2027 512 2085 in
534 2027 637 2102 gracia
659 2027 756 2084 linalis
778 2027 1002 2103 perseverancie
1026 2026 1209 2085 confirmati.

221 2116 259 2172 Et
295 2114 404 2172 iterum
442 2134 503 2172 non
540 2128 728 2190 presumeret
765 2114 852 2172 aliter
889 2113 1019 2172 scribere
1046 2113 1210 2171 Timotheo

222 2203 303 2278 quod
327 2204 431 2259 bonum
456 2213 601 2258 certamen
625 2203 758 2274 certavit,
783 2215 811 2260 et
835 2204 917 2277 quod
941 2213 983 2258 est
1005 2203 1061 2259 sibi
1083 2201 1209 2277 reposita

178 2307 330 2347 rocorona
346 2288 456 2345 iusticie
471 2307 556 2364 quam
578 2289 681 2345 reddet
701 2290 756 2347 sibi
774 2290 802 2345 in
819 2290 865 2346 die
884 2289 984 2345 iudicii
998 2289 1092 2346 iustus
1111 2288 1209 2344 iudex.

222 2378 293 2434 ldeo
309 2377 346 2433 de
361 2376 446 2433 nullo
463 2374 629 2433 christiano
646 2388 690 2433 est
707 2377 781 2433 fides
797 2376 931 2434 securior
947 2378 1029 2451 quod
1045 2374 1084 2432 sit
1105 2377 1210 2432 beatus

222 2461 254 2520 in
285 2461 384 2538 patria
408 2481 500 2538 quam
533 2465 570 2522 de
595 2464 688 2521 Paulo
722 2477 750 2520 et
782 2483 851 2521 cum
885 2463 1010 2539 quilibet
1044 2464 1151 2520 beatus
1180 2461 1210 2518 in

222 2549 322 2625 patria
349 2549 549 2625 premiabitur
578 2553 744 2608 secundum
773 2553 908 2608 laborem
938 2550 1001 2607 eius
1028 2548 1209 2624 legitimum,

223 2637 333 2695 Paulus
350 2649 452 2694 autem
470 2637 537 2712 plus
554 2637 695 2695 omnibus
711 2637 870 2710 laboravit,
887 2636 1050 2695 verisimile
1067 2650 1111 2694 est
1128 2637 1210 2712 quod

179 2727 211 2780 25
221 2725 322 2782 nullus
350 2725 506 2799 apostolus
535 2725 572 2781 sit
601 2742 637 2782 eo
661 2724 792 2795 beacior,
816 2739 845 2782 et
875 2724 900 2782 si
924 2724 1032 2799 prelati
1056 2725 1210 2781 habebunt

222 2813 308 2869 sedes
335 2812 412 2869 altas
439 2811 470 2868 in
498 2811 612 2869 iudicio
640 2811 723 2868 finali
750 2813 916 2869 secundum
946 2813 1027 2886 quod
1051 2812 1153 2886 plures
1176 2829 1210 2868 ex

222 2898 400 2957 serrenciori
417 2898 544 2957 caritate
561 2901 598 2956 ad
616 2901 712 2955 Deum
731 2910 952 2969 converterunt,
974 2896 1042 2974 quis
1063 2896 1210 2955 iudicabit

221 2986 317 3044 alcius
340 2984 393 3044 illo
418 2986 530 3044 Paulo?
562 3004 633 3043 nam
659 2989 779 3043 Petrum
808 2987 846 3043 ad
877 3003 1017 3060 magnam
1046 2984 1209 3042 utilitatem

224 3072 350 3131 ecclesie
380 3073 574 3149 reprehendit
597 3075 642 3145 (ut
665 3085 748 3148 patet
776 3074 814 3130 ad
839 3073 904 3129 Gal.
930 3072 993 3144 11⁰),
1023 3083 1052 3128 et
1080 3071 1210 3129 breviter

180 3159 274 3219 3oubi
301 3159 388 3218 scivit
415 3173 574 3235 peccatum
604 3173 710 3217 contra
734 3159 788 3217 Dei
817 3159 958 3217 iniuriam
988 3172 1017 3216 et
1041 3159 1209 3234 dampnum

223 3245 348 3306 ecclesie
380 3248 449 3322 plus
482 3266 608 3323 regnare
640 3247 701 3305 illic
735 3265 829 3323 usque
858 3249 896 3304 ad
929 3259 1058 3303 mortem
1088 3244 1209 3304 bellavit

223 3333 390 3409 intrepidus
415 3348 520 3392 contra
543 3334 653 3410 ipsum.
682 3338 744 3392 Nec
765 3335 870 3392 dubito
892 3333 965 3409 quin
987 3333 1065 3390 sicut
1087 3347 1209 3392 sanctus

224 3420 280 3479 iste
301 3420 332 3478 in
347 3420 410 3479 vita
430 3434 555 3497 propter
576 3421 640 3478 eius
661 3421 802 3479 meritum
824 3434 853 3478 et
874 3420 1082 3479 extollenciam
1104 3420 1208 3477 laudes

224 3508 407 3584 contempsit
434 3510 593 3579 humanas,
622 3509 665 3566 sic
688 3509 748 3566 iam
773 3509 802 3565 in
831 3510 896 3566 celo
924 3508 1099 3565 desiderans
1127 3509 1209 3583 quod

181 3598 400 3671 35contempta
438 3595 611 3654 huiusmodi
642 3615 720 3653 vana
752 3595 962 3654 decertacione
998 3607 1079 3652 totus
1112 3596 1209 3652 honor

225 3681 280 3741 uei
303 3682 404 3757 gracie
428 3701 462 3741 ex
485 3682 603 3757 integro
627 3683 786 3741 tribuatur.

153 3739 214 3879 39¹5
266 3770 381 3828 Contra
402 3769 493 3828 fidem
515 3770 603 3827 huius
623 3769 757 3828 doctoris
777 3768 916 3844 gencium
938 3767 1070 3845 religiosi
1090 3768 1186 3827 nostri
1205 3759 1210 3851 Ι
1252 3785 1304 3831 The
1317 3786 1386 3850 frtris

223 3870 256 3916 ut
271 3856 378 3916 fratres
399 3856 609 3933 multipliciter
625 3859 845 3933 blasphemant,
863 3856 941 3914 sicut
957 3869 1063 3915 contra
1084 3874 1208 3915 conver·
1239 3839 1331 3883 ΜΠ
1346 3842 1402 3884 '‘¹¹¹'‘

223 3945 377 4003 sacionem
398 3944 515 4002 domini
535 3944 632 4003 nostri
651 3947 720 4003 Jesu
735 3944 857 4004 Christi.
883 3947 958 4019 lpse,
979 3943 1129 4020 inquiunt,
1151 3965 1208 4020 pro

276 4141 307 4173 ro.
323 4128 342 4173 D
358 4128 381 4172 in
396 4139 483 4183 marra:
498 4129 562 4172 l'ruli
577 4128 677 4184 apostoli
693 4129 805 4184 dignitas;
821 4129 839 4172 E
854 4129 877 4172 in
894 4141 945 4172 mnr
962 4144 980 4172 .:
996 4128 1090 4172 Paulus.
1128 4140 1163 4171 πο.
1174 4131 1208 4174 A:

222 4180 493 4225 corona-sibidcesr.
555 4193 590 4235 27.
606 4181 808 4225 hohominum.
864 4180 1054 4225 30,1):n0vi1.
1110 4178 1140 4223 31.
1156 4182 1208 4226 [tl-2:

222 4233 285 4278 illuc.
339 4231 370 4279 35.
385 4236 419 4276 A:
435 4233 498 4276 nodi
514 4233 585 4277 deest.
647 4233 680 4289 37.
695 4235 754 4278 Ain
770 4246 857 4287 marga
873 4233 961 4277 Contra
976 4235 1066 4277 iratres.
1123 4232 1157 4276 38,
1174 4237 1207 4278 A:

223 4285 386 4342 blasphemant
399 4284 533 4341 Christum
549 4286 579 4328 ib.
595 4285 613 4328 E
627 4286 649 4328 in
666 4298 751 4341 mnrg.:
767 4286 860 4329 Fratres
876 4286 1045 4342 blasphemant.

276 4427 317 4483 ro
337 4412 432 4463 aTim.
453 4412 495 4472 tv,
515 4427 538 4479 2.
