3166 5212
203 1424 309 1468 Reamrrs
325 1428 374 1469 ulti

199 1481 240 1520 she
255 1481 340 1522 §aerlei
357 1482 384 1521 be

224 1533 341 1573 <musei
351 1547 355 1572 :

225 1594 241 1624 t.
253 1554 305 1625 h‘or
319 1588 357 1626 llte

202 1632 295 1678 emtas
310 1637 376 1679 subc:

199 2913 219 2943 2,
236 2901 282 2944 Fur
299 2902 385 2958 llari's

257 2958 321 3001 sake:

222 3338 240 3381 3.
256 3338 300 3380 For
318 3340 357 3381 the

192 3391 309 3434 Churcb's
325 3393 386 3434 sake.

635 480 804 530 lOliANNlS
816 478 955 528 WYCLIF
968 478 1161 528 SERMONUM
1227 457 1341 546 [SERDO
1359 475 1397 517 lll-

412 640 506 713 ipsam
530 638 691 696 dimittere.
709 638 782 694 Aliis
804 651 904 693 autem
926 637 1044 694 videtur
1068 644 1110 703 iut
1126 638 1287 695 Ambrosio
1308 658 1398 711 super

413 729 536 787 lncani)
569 728 650 800 quod
685 738 781 781 mater
809 725 932 780 Domini
965 738 1034 780 ante
1067 726 1144 781 hanc
1178 725 1395 781 salutacionern

411 814 506 870 luerat
539 815 720 887 desponsata
754 813 805 868 sed
839 811 917 867 inter
946 825 1065 885 tempus
1093 811 1339 885 desponsacionis
1369 825 1398 867 et

410 902 516 957 horam
535 919 594 974 qua
623 899 652 954 in
677 898 816 955 cubiculo
842 898 1036 955 convenirent
1060 898 1139 954 facta
1162 898 1217 954 fuit
1240 901 1294 956 hec
1318 901 1397 955 salu-

409 986 500 1052 tacio,
518 1006 586 1043 cum
604 986 634 1043 in
651 986 826 1059 prolacione
843 985 928 1041 istius
944 985 1041 1041 verbi:
1065 986 1142 1041 Ecce
1158 986 1264 1041 ancilla
1279 986 1424 1041 Dominis

408 1092 442 1130 ex
467 1073 637 1130 humilitate
663 1072 815 1129 contraria
839 1071 979 1146 superbie
1003 1072 1099 1146 prime
1124 1071 1233 1129 femine
1258 1073 1397 1148 concepit

409 1160 589 1230 Dominum
619 1174 647 1216 et
672 1178 740 1216 cum
766 1158 876 1217 Christi
907 1159 1035 1216 lineacio
1059 1159 1138 1216 lacta
1162 1158 1217 1215 fuit
1239 1159 1339 1216 subito
1364 1179 1397 1216 ex

407 1247 554 1321 sanguine
575 1246 736 1321 purissimo
758 1246 846 1302 huius
865 1245 998 1320 virginis,
1021 1245 1119 1320 potuit
1134 1248 1245 1322 Joseph
1261 1246 1291 1302 in
1307 1260 1397 1303 nocte

408 1334 564 1408 percipere
588 1331 824 1408 concepcionem
849 1333 971 1390 Domini
995 1333 1051 1391 levi
1075 1346 1168 1390 tactu.

450 1421 571 1494 Triplex
597 1433 697 1477 autem
720 1419 844 1494 ponitur
868 1439 959 1477 causa
975 1439 1069 1495 quare
1094 1433 1190 1476 mater
1207 1420 1329 1476 Domini
1353 1421 1395 1477 sic
1411 1440 1441 1472 ιο

408 1507 506 1564 iuerat
524 1510 716 1582 desponsata,
728 1506 829 1582 primo
846 1525 879 1563 ex
896 1520 981 1581 parte
997 1506 1093 1582 pueri,
1111 1509 1243 1563 secundo
1260 1525 1293 1563 ex
1310 1521 1396 1581 parte

407 1595 512 1650 matris
535 1608 563 1650 et
580 1594 675 1652 tercio
692 1612 725 1650 ex
748 1607 833 1668 parte
850 1593 985 1651 ecclesie.
1010 1598 1052 1650 Ex
1068 1607 1154 1668 parte
1171 1593 1256 1668 pueri
1272 1608 1397 1668 propter

407 1681 518 1750 multa;
539 1680 640 1755 primo
660 1699 697 1737 ne
719 1700 794 1756 puer
809 1682 847 1737 ab
865 1680 1036 1739 infidelibus
1060 1694 1217 1756 tamquam
1241 1680 1397 1755 illegitime

406 1781 494 1824 natus
523 1768 708 1837 abiceretur3
737 1769 817 1825 unde
840 1768 1019 1826 Ambrosius
1047 1786 1138 1842 super
1161 1770 1289 1825 Lucam:
1318 1767 1398 1844 Quid

405 1855 531 1921 Herodi,
548 1856 617 1931 quid
631 1855 732 1912 Judeis
751 1866 854 1931 posset
876 1856 993 1927 ascribi,
1016 1856 1043 1913 si
1064 1867 1162 1911 natum
1189 1873 1228 1912 ex
1250 1856 1397 1911 adulterio
1413 1859 1440 1909 :5

406 1943 577 1998 riderentur
609 1942 770 2018 persequi?
810 1943 951 1999 Secundo
992 1943 1063 2017 quia
1104 1941 1254 2016 scriptura
1296 1942 1394 1998 solum

406 2030 609 2086 masculorum
640 2028 830 2103 genealogias
859 2030 935 2086 solet
958 2044 1065 2086 texere.
1096 2032 1139 2085 De
1163 2031 1268 2086 eadem
1293 2028 1395 2103 itaque

406 2116 500 2190 stirpe
516 2118 627 2191 loseph
652 2135 720 2173 cum
745 2115 860 2190 virgine
884 2130 1082 2190 processerat,
1107 2115 1175 2173 ideo
1199 2115 1395 2190 exprimendo

405 2204 613 2277 genealogiam
625 2205 736 2276 loseph
755 2217 783 2259 et
794 2203 888 2260 Marie
904 2203 1080 2277 genealogia
1094 2202 1205 2260 Christi
1217 2202 1395 2277 exprimitur

406 2289 436 2345 in
446 2290 606 2364 scriptura.
617 2289 726 2347 Tercio
736 2285 917 2370 (secundum
928 2290 1102 2364 Origenem)
1115 2302 1147 2346 ut
1158 2304 1262 2364 partus
1272 2289 1394 2363 virginis
1406 2308 1439 2341 20

406 2379 537 2450 dyabolo
561 2379 719 2434 celaretur.
749 2376 893 2447 Quamvis
917 2377 997 2434 enim
1021 2378 1167 2452 dyabolus
1191 2391 1275 2434 actus
1300 2375 1395 2449 magis

406 2464 601 2522 absconditos
618 2483 709 2539 quam
727 2464 831 2521 luisset
847 2464 958 2521 Christi
975 2464 1152 2540 procreacio
1170 2465 1298 2522 carnalis
1315 2465 1394 2520 facta

406 2571 459 2625 per
474 2554 585 2626 ioseph
607 2550 790 2625 cognoverit,
813 2552 911 2625 potuit
933 2565 1035 2608 tamen
1051 2551 1141 2608 fuisse
1163 2565 1191 2607 et
1208 2570 1226 2608 a
1242 2550 1393 2626 probabili

405 2638 460 2695 fuit
484 2641 564 2713 quod
590 2638 905 2696 communicaeionem
929 2640 1037 2696 horum
1061 2657 1243 2714 sponsorum
1265 2657 1318 2713 per
1334 2637 1394 2694 dis-

405 2725 589 2783 traccionem
620 2725 742 2782 Domini
775 2725 933 2799 ignoravit.
968 2728 1084 2796 Quarto
1111 2740 1145 2783 ut
1167 2727 1287 2799 Yoseph
1316 2727 1436 2783 foret25

405 2812 553 2869 nutricius
577 2813 674 2888 pueri.

449 2901 589 2956 Secundo
611 2899 819 2975 principaliter
840 2918 874 2956 ex
896 2913 983 2974 parte
998 2898 1122 2974 virginis
1139 2913 1263 2975 propter
1282 2901 1391 2968 multa;

406 2987 505 3059 primo
530 3001 562 3043 ut
587 2987 760 3044 consolacio
776 2985 883 3061 virgini
907 2986 1112 3061 peregrinanti
1136 2987 1167 3043 in
1184 2987 1336 3061 Egiptum,
1362 2986 1392 3043 in

405 3074 505 3130 reditu
529 3089 558 3130 et
583 3074 649 3131 aliis
673 3073 955 3131 cohabitacionibus
979 3088 1174 3149 prestaretur,
1198 3077 1331 3131 secundo
1354 3093 1392 3130 ne

404 3159 488 3234 virgo
500 3174 655 3235 tamquam
667 3162 804 3218 adultera
814 3160 1073 3236 calumpniaretur
1083 3161 1208 3218 aludeis
1217 3160 1391 3235 lapidanda,
1404 3167 1436 3218 30

406 3260 434 3303 et
459 3248 554 3304 tercio
577 3267 615 3305 ne
638 3248 722 3322 virgo
746 3262 903 3323 tamquam
928 3248 1089 3306 fornicaria
1115 3248 1286 3305 infametur.

447 3335 556 3391 Tercio
580 3335 789 3410 principaliter
819 3354 852 3392 ex
876 3349 961 3409 parte
985 3335 1109 3392 ecclesie
1133 3349 1257 3409 propter
1281 3336 1390 3403 multa;

404 3422 504 3495 primo
541 3423 612 3496 quia
650 3421 807 3497 patencior
839 3436 882 3479 est
915 3422 1055 3480 nativitas
1084 3422 1195 3481 Christi
1229 3440 1298 3480 curn
1331 3422 1391 3479 suis

404 3509 646 3566 circumstanciis
680 3529 712 3566 ex
745 3508 919 3567 testimonio
951 3512 1063 3583 loseph
1100 3509 1252 3567 coniuncti
1285 3509 1391 3584 virgini

457 3745 476 3789 3.
493 3746 546 3789 DE:
562 3747 622 3789 iuter
636 3746 686 3789 eius
701 3746 894 3800 desponsacionis
909 3746 945 3788 ad.
1034 3778 1038 3787 .
1054 3748 1087 3790 A:
1104 3746 1234 3791 deliniaeio.
1302 3761 1323 3804 9.
1339 3749 1391 3793 DE:

403 3799 535 3852 concipere.
643 3811 674 3841 ro.
690 3801 712 3842 A
727 3799 749 3841 in
766 3811 852 3852 marg:
875 3798 951 3842 Causa
972 3759 1055 3855 tripiex
1075 3811 1145 3854 quare
1165 3807 1239 3843 mater
1257 3800 1299 3844 Dei
1319 3802 1393 3844 iuerat

403 3851 558 3906 desponsata:
575 3851 594 3892 D
608 3850 630 3893 in
643 3864 729 3904 marg:
746 3851 891 3905 Desponsam
907 3864 978 3905 quare
993 3852 1035 3894 inii
1047 3851 1132 3903 illaria:
1148 3851 1166 3894 13
1180 3852 1202 3894 in
1219 3865 1304 3906 marg:
1320 3853 1393 3897 Mater

404 3903 498 3945 Domini
515 3904 657 3957 desponsata
672 3916 725 3946 cur:
742 3904 771 3945 ib.
784 3905 817 3946 A:
834 3904 882 3945 Dei.
939 3916 963 3946 11.
980 3903 1032 3945 DE:
1048 3904 1128 3955 t'uerit;
1144 3906 1174 3947 ib.
1186 3905 1208 3947 A
1223 3905 1245 3947 in
1261 3918 1346 3960 marg:
1363 3908 1391 3948 A.

404 3967 432 3997 ιε.
446 3957 479 3998 A:
495 3955 522 3997 Ei
538 3969 565 3997 cx
582 3964 652 4008 parte.
710 3956 736 3998 13,
753 3958 774 3998 A
790 3956 812 3998 in
829 3968 913 4006 marg:
930 3969 945 3998 1.
1002 3957 1028 3999 15.
1045 3955 1076 3998 D:
1093 3963 1172 4006 natum
1188 3956 1218 3998 ib.
1229 3958 1263 4001 A:
1279 3971 1306 4000 ex
1320 3959 1391 4001 deest.

404 4009 436 4049 rii.
453 4011 486 4050 A:
504 4008 644 4051 :ider-eninr.
660 4008 806 4059 siderearum
827 4009 857 4050 ib.
874 4009 906 4050 A:
925 4009 1031 4062 persequi
1047 4008 1122 4061 deest:
1143 4009 1174 4052 ib.
1190 4009 1212 4052 A
1226 4009 1249 4051 iu
1266 4022 1351 4065 marg:
1367 4022 1392 4059 2:

405 4060 436 4102 ib.
452 4062 486 4102 A:
502 4060 611 4101 Secundo
626 4060 730 4112 quidam.
831 4071 865 4102 20.
881 4061 902 4103 A
918 4061 940 4103 iu
957 4073 1043 4115 marg:
1059 4059 1077 4102 3.
1175 4061 1207 4103 25.
1222 4062 1256 4104 A:
1271 4063 1391 4116 ignorant:

405 4111 436 4154 ib.
448 4113 470 4153 A
481 4112 504 4152 in
516 4124 602 4165 marg:
617 4126 645 4164 4:
661 4112 691 4154 ib.
703 4113 735 4154 D:
751 4112 809 4154 foret
820 4113 891 4154 deest.
932 4112 967 4154 ab.
979 4114 1012 4156 A:
1029 4114 1145 4161 liutricus:
1161 4113 1191 4155 ib.
1202 4112 1232 4156 E:
1249 4115 1313 4169 pueri
1324 4123 1392 4157 esset.

405 4175 439 4223 ῃ.
455 4166 477 4205 A
492 4164 514 4205 io
530 4176 617 4221 marg:
633 4165 658 4210 Β,
674 4177 694 4210 a.
711 4165 732 4209 b.
748 4176 772 4211 c:
788 4164 806 4207 E
821 4164 843 4206 iu
860 4176 945 4217 marg:
961 4175 980 4205 2.
1034 4166 1070 4217 28,
1082 4176 1116 4213 aq,
1132 4165 1162 4207 E:
1177 4165 1288 4260 Egiplum
1303 4167 1325 4210 in
1341 4167 1392 4209 aliis

406 4216 656 4257 incelrabiiaciouibus.
737 4214 770 4258 32.
781 4219 802 4259 A
818 4216 839 4258 in
857 4229 942 4271 marg:
958 4215 988 4267 (ἐς
1004 4215 1022 4258 E
1036 4217 1058 4259 iu
1075 4213 1160 4271 marg:
1176 4218 1200 4264 i:
1215 4217 1221 4260 i

407 4267 491 4322 Pflllst's
504 4268 576 4309 deest.
631 4267 666 4319 Ila.
682 4267 737 4310 Ab:
752 4268 884 4310 coniuncto.
1241 4221 1290 4262 'A'
1307 4231 1392 4274 9¹¹⁰*

458 4425 477 4459 ι.
489 4408 622 4460 Ambrosii
640 4410 745 4461 Comm.
765 4412 790 4460 in
804 4412 902 4461 liuram
922 4412 983 4463 Lib.
997 4412 1026 4475 ll,
1046 4428 1103 4479 cap.
1122 4431 1141 4462 1.
