3166 5212
196 475 299 522 sunno
314 461 407 549 ivm]
551 479 711 532 SECUNDA
732 479 819 529 PARS

198 656 226 700 et
250 640 323 699 emit
347 639 547 715 spiritualiter
571 659 676 714 agrum
701 639 797 711 illurn,
826 653 927 697 certus
956 658 990 696 ex
1018 639 1078 698 lide
1102 641 1183 714 quod

146 780 149 784 .
198 732 355 786 thesaurus
379 727 435 784 iste
459 727 514 784 sibi
540 726 665 784 fodienti
700 740 728 784 et
752 726 852 784 debite
883 727 912 784 in
937 746 1010 801 agro
1034 725 1185 801 scripture

197 815 394 891 spiritualiter
405 814 554 872 laboranti
571 814 753 889 germinabit
769 815 899 871 fructum
917 815 1014 889 patrie
1031 814 1183 872 inlinitum

198 903 437 979 prestanciorem
470 921 563 978 quam
596 915 665 958 sunt
689 920 795 959 omnes
818 916 937 959 terrene
970 901 1087 960 divicie.
1122 905 1184 960 Nec

173 996 242 1049 §est
265 990 480 1048 inconveniens
513 990 594 1065 quod
628 1008 753 1063 regnum
790 990 924 1047 celorum
958 990 996 1046 sit
1025 992 1184 1047 thesaurus

198 1092 226 1135 et
250 1096 321 1151 ager
345 1077 375 1134 in
399 1097 460 1153 quo
484 1076 681 1135 absconditur
704 1078 871 1135 secundum
905 1076 1057 1152 disparem
1087 1077 1183 1134 racio·

197 1183 266 1222 nem
291 1164 362 1239 quia
388 1163 460 1221 satis
485 1178 529 1222 est
562 1167 643 1239 quod
678 1163 708 1221 in
732 1163 829 1221 verbis
863 1166 1009 1238 parabole
1033 1165 1070 1221 sit
1094 1165 1184 1222 realis

198 1252 359 1326 disparitas
394 1265 426 1309 et
462 1251 494 1308 in
532 1270 621 1309 sensu
656 1251 801 1326 parabole
841 1251 1003 1325 disparitas
1042 1251 1183 1323 racionis

198 1339 335 1396 Christus
359 1358 430 1414 ergo
455 1340 620 1397 secundum
646 1342 727 1413 quod
761 1352 852 1413 caput
886 1351 914 1395 et
943 1357 1034 1396 causa
1058 1339 1184 1397 ecclesie

158 1439 322 1484 rovocatur
346 1445 470 1500 regnum
496 1428 641 1484 celorum.

241 1515 381 1571 Secundo
405 1528 531 1570 vocatur
554 1515 714 1569 thesaurus
746 1514 911 1569 secundum
945 1512 1099 1570 racionem
1124 1532 1183 1588 qun
1202 1519 1253 1581 The
1267 1521 1387 1616 Scriptum

197 1615 241 1658 est
264 1601 492 1658 fundamentale
516 1600 613 1657 locale
638 1613 666 1656 et
690 1599 878 1657 necessarius
901 1602 1061 1657 thesaurus
1085 1601 1183 1658 tocius
1220 1575 1367 1680 'ieiffissnfff

197 1688 332 1746 ecclesie.
358 1692 423 1762 lpse
456 1688 535 1744 enim
571 1689 737 1745 secundum
762 1687 941 1761 Apostolum
968 1701 1012 1744 est
1036 1688 1131 1743 onmia
1154 1689 1182 1744 in
1199 1679 1391 1774 “fflgfflfrgf'h‘

197 1777 342 1844 omnibus;
365 1789 393 1832 et
411 1775 506 1832 tercio
523 1776 688 1832 secundum
706 1774 860 1832 racionem
879 1774 998 1832 unionis
1014 1774 1183 1849 ypostatice
1342 1763 1347 1772 ’

158 1864 256 1937 quua
280 1877 324 1919 est
349 1862 424 1919 liber
453 1863 583 1937 scriptus
607 1861 688 1918 intus
712 1874 740 1918 et
764 1861 837 1919 foris
853 1875 979 1920 vocatur
1002 1880 1072 1936 ager
1088 1861 1183 1936 scrip-

197 1964 263 2006 ture
297 1950 377 2007 iuxta
410 1950 484 2006 illud
518 1949 674 2012 (lobannis
707 1951 758 2020 X0,
794 1948 860 2026 36):
895 1950 960 2006 Non
989 1961 1086 2025 potest
1109 1950 1185 2005 solvi

196 2038 345 2114 scriptura
378 2055 460 2111 quem
481 2049 569 2113 pater
601 2037 790 2114 sanctificavit
822 2048 848 2092 et
881 2037 958 2093 misit
981 2038 1008 2092 in
1032 2038 1181 2093 mundum.

198 2127 282 2181 Patet
307 2124 402 2180 eciam
428 2123 538 2181 veritas
562 2123 649 2180 istius
666 2124 811 2197 parabole
835 2125 872 2180 de
896 2122 1009 2181 Christi
1026 2123 1183 2198 discipulis

197 2224 226 2267 et
249 2211 444 2285 sequentibus
477 2211 588 2268 sanctis
618 2209 794 2267 doctoribus
827 2210 877 2285 qui
912 2211 979 2285 plus
1012 2213 1183 2283 gaudebant

154 2300 234 2354 20de
266 2298 392 2354 veritate
426 2299 575 2372 scripture
611 2317 702 2373 quarn
741 2299 778 2353 de
810 2297 953 2354 omnibus
991 2297 1058 2354 aliis
1097 2297 1183 2354 bonis

198 2385 312 2458 mundi,
337 2399 369 2441 ut
394 2387 430 2442 de
454 2385 626 2455 Ambrosio,
650 2383 820 2458 Augustino
853 2398 881 2440 et
906 2382 1079 2459 specialiter
1101 2386 1184 2441 Jero·

197 2492 298 2546 nymo,
323 2471 436 2529 Basilio
461 2486 489 2528 et
513 2472 576 2529 eius
600 2471 764 2534 similibus;
794 2485 822 2528 et
851 2471 900 2529 isti
924 2474 1066 2529 doctores
1091 2473 1183 2529 modo

198 2559 328 2616 mirabili
354 2559 508 2616 inventum
534 2561 645 2617 habent
669 2560 844 2616 thesaurum
867 2577 957 2633 quem
979 2558 1009 2615 in
1033 2559 1094 2615 suis
1118 2578 1183 2617 cor-

198 2647 285 2703 dibus
315 2649 554 2718 absconderunt3
588 2665 641 2721 per
669 2649 727 2703 hoc
756 2646 835 2703 enim
862 2645 968 2703 elevati
993 2648 1031 2703 ad
1060 2646 1183 2704 celestia

156 2733 184 2783 25
198 2734 440 2791 thesaurizarunt
464 2734 521 2791 sibi
538 2736 713 2791 thesaurum
732 2732 832 2790 meriti
850 2733 1047 2791 beatitudinis
1064 2734 1183 2809 quinon

198 2823 351 2879 veterascit
384 2821 466 2879 iuxta
499 2821 670 2879 doctrinam
700 2819 812 2878 Christi
838 2820 975 2893 (lllatthei
999 2823 1089 2895 V110).
1124 2823 1183 2878 Sed

198 2911 256 2966 beu
281 2908 389 2984 prelati
414 2909 552 2966 moderni
576 2926 632 2966 nec
658 2920 845 2981 cognoscunt
862 2910 987 2965 herbam
1004 2909 1051 2965 vel
1076 2908 1181 2966 florem

199 2996 286 3053 huius
303 2997 436 3053 thesauri
453 3014 509 3053 nec
530 2997 670 3053 laborant
691 2997 848 3052 vendendo
873 3008 981 3054 cuncta
1006 3014 1064 3070 que
1088 2994 1183 3069 possi-

199 3085 269 3140 dent
302 3097 334 3140 ut
367 3097 561 3158 cognoscant,
595 3083 664 3140 ideo
701 3077 901 3158 probabiliter
937 3082 1105 3139 timendum
1140 3096 1183 3139 est

154 3170 187 3221 30
198 3173 280 3246 quod
306 3185 392 3227 erunt
417 3185 563 3245 perpetuo
587 3183 722 3245 expertes
744 3169 846 3244 gaudii
871 3170 934 3227 eius
957 3171 1081 3227 fructus.

241 3257 299 3315 Alii
325 3272 424 3314 autem
458 3258 576 3315 variant
608 3257 639 3313 in
668 3276 756 3314 sensu
789 3256 877 3315 huius
900 3259 1055 3332 parabole,
1085 3270 1117 3313 ut
1142 3256 1207 3326 hii·
1261 3265 1344 3327 other·

198 3347 279 3419 quod
304 3364 429 3419 regnum
460 3347 593 3403 celorum
625 3359 668 3402 est
697 3344 848 3420 premium
878 3346 986 3402 celeste
1010 3347 1092 3420 quod
1116 3347 1183 3401 abs·
1201 3324 1392 3425 ἕξῐῗῆἷᾞζᾚζῇε

198 3432 340 3489 conditur
373 3432 534 3490 causaliter
567 3433 597 3488 in
631 3431 746 3489 meritis
781 3430 906 3490 ecclesie
938 3451 997 3508 que
1029 3445 1073 3489 est
1102 3450 1182 3507 ager,

198 3521 290 3576 homo
314 3522 489 3577 thesaurum
515 3520 605 3577 istum
624 3519 776 3577 inveniens
801 3532 845 3577 est
861 3537 991 3594 persona
1008 3533 1182 3577 sanctorum

155 3607 358 3664 35d0ctorum
384 3607 434 3682 qui
459 3621 527 3682 post
551 3609 687 3664 laborem
712 3607 743 3663 in
767 3606 987 3681 philosophicis
1020 3607 1183 3665 scienciam

197 3694 334 3769 sapidam
360 3694 537 3752 invenerunt
562 3708 703 3752 ettotam
728 3693 812 3769 prius
828 3695 997 3752 laboratam
1022 3694 1183 3752 scienciam

197 3784 235 3838 ad
274 3781 459 3856 sapienciam
498 3782 702 3857 theologicam
742 3793 966 3839 converterunt.
1017 3784 1076 3839 Sed
1115 3795 1184 3858 post

211 4000 481 4055 ‘althsibideest
535 4001 722 4056 8.1›:atsplras.
776 4013 807 4050 ta,
822 4000 851 4044 13.
867 4001 897 4044 E:
913 4001 988 4044 tocius
1002 4001 1097 4044 ecclesie
1112 4003 1183 4044 deest.

198 4053 228 4095 ut.
240 4054 274 4095 A:
289 4053 361 4095 eciam
377 4053 448 4096 deest.
491 4065 523 4097 aa.
539 4053 558 4095 l)
574 4055 597 4096 in
613 4066 664 4096 mur
681 4069 699 4097 .:
714 4053 922 4096 Recommunducio
936 4059 1035 4108 quatuor
1050 4062 1183 4096 sanctorum

197 4105 336 4165 doctorum„
382 4104 415 4148 23.
448 4119 499 4148 trem
516 4107 579 4148 deust
594 4107 617 4165 in
632 4067 701 4148 coid.
717 4106 813 4149 Addidi.
868 4106 1024 4159 24.A:elati.
1079 4105 1181 4149 3r.Eiu

198 4169 283 4211 marra:
299 4159 366 4200 Alius
382 4119 518 4201 inteiiectus.
574 4157 610 4201 3⁴).
625 4161 660 4202 A:
675 4159 801 4201 invenerat.

254 4282 291 4333 13.
311 4282 368 4332 Col.
388 4283 484 4343 111‚11.
586 4283 628 4333 25.
649 4282 753 4333 Rectius
767 4283 810 4345 Vl,
828 4298 871 4350 ¹9²
891 4283 980 4335 Nolite
998 4282 1185 4351 thesaurizare

197 4352 269 4402 vobis
288 4352 427 4402 thesauros
446 4354 471 4402 r'n
492 4360 568 4404 terra
587 4359 635 4404 etc.
655 4352 694 4402 Cf.
708 4363 734 4402 et
747 4353 835 4402 Lucae
856 4354 911 4415 llll,
926 4353 971 4405 33:
993 4354 1121 4404 Sacculos
1140 4354 1186 4419 qur'

198 4437 250 4470 non
270 4429 444 4472 veterascunt.
