3166 5212
105 486 207 533 saeuo
218 468 358 558 xxxvto]
458 491 619 543 securior
638 492 733 542 raas.

106 671 196 728 quam
226 651 362 715 ecclesia,
391 651 646 726 appropinquavit
674 654 710 708 ad
743 654 869 725 gradum
899 651 1093 707 beatitudinis

107 741 185 796 ultra
210 741 267 796 hoc
284 741 366 813 quod
383 739 452 796 fecit
470 738 650 813 antiquitus3
668 753 696 796 et
714 759 783 796 cum
801 737 950 813 malignus
968 738 1093 813 apponit

107 826 252 883 maiorem
278 826 376 882 nisum
402 828 438 883 ad
464 825 701 900 impediendum,
719 828 840 901 quando
856 826 937 883 videt
960 828 1095 883 membra

106 913 217 972 Christi
236 913 330 987 magis
347 913 504 988 proficere,
523 915 611 969 debet
623 913 795 987 predicator
812 913 968 988 predicare
980 915 1094 989 populo

81 1003 261 1077 5quomod0
286 1001 442 1057 assistente
471 1013 556 1057 tanto
580 999 732 1057 adiutorio
761 1020 816 1075 pro
841 1000 1025 1058 beatitudine
1049 1000 1093 1056 ln·

38 1075 57 1124 F
59 1077 96 1171 0,Ιὲ
106 1088 239 1146 stancius
264 1089 415 1145 laboraret
445 1101 473 1143 et
497 1090 653 1162 quomodo
684 1087 809 1144 cautelis
830 1081 834 1170 l
855 1087 976 1161 dyaboli
1000 1101 1094 1145 retar-

37 1160 84 1196 ²¹³
107 1175 250 1232 dantibus
267 1175 427 1232 resisteret.
453 1177 489 1230 Et
507 1174 563 1231 ista
583 1174 717 1248 magistri
738 1174 863 1232 materia
880 1189 923 1231 est
941 1173 1093 1231 sufficiens

107 1283 163 1338 pro
188 1262 416 1338 quibuscunque
441 1262 631 1319 sermonibus
655 1264 770 1336 populo
794 1261 996 1336 predicandis.

151 1352 210 1406 Sed
234 1349 304 1424 quia
328 1369 391 1407 non
408 1349 517 1406 suflicit
535 1347 712 1406 benedicere
733 1348 789 1406 nisi
814 1352 992 1424 precedente
1016 1351 1095 1405 bona

66 1437 279 1494 rointencione
305 1450 333 1493 ct
365 1451 448 1493 recto
479 1454 581 1510 opere.
614 1449 646 1492 ut
678 1450 761 1511 patet
793 1439 830 1493 de
860 1439 952 1493 verbo
983 1435 1094 1511 triplici

107 1523 233 1581 blatthei
255 1525 335 1594 th0,
361 1539 411 1589 21,
441 1526 522 1597 quod
552 1523 689 1580 Christus
718 1523 868 1598 implicat:
898 1525 963 1580 Non
993 1524 1095 1590 artinis,

107 1611 214 1686 inquit,
238 1612 286 1685 qui
308 1612 377 1667 dicit
394 1611 464 1667 mibi
479 1611 614 1677 Domine,
630 1612 755 1666 Daritim?
778 1611 896 1667 introbit
919 1612 947 1666 in
971 1630 1094 1687 regnunt

106 1701 234 1755 celorum
255 1699 306 1755 sed
326 1699 375 1773 qui
381 1699 460 1774 saci!
477 1700 651 1754 voluntatem
665 1701 762 1773 patris
778 1699 834 1754 mei
849 1699 939 1773 quiin
956 1698 1024 1755 celis
1040 1709 1097 1763 es!,·

109 1785 176 1842 ideo
200 1784 353 1857 subiungit
378 1785 515 1841 Christus
533 1798 664 1859 quatuor
688 1804 780 1860 opera
798 1785 890 1842 realia
914 1803 972 1860 que
996 1784 1095 1859 predi-

67 1875 209 1929 15cantes
239 1874 348 1929 debent
377 1873 508 1929 sermoni
538 1891 592 1928 suo
619 1886 792 1929 annectere:
819 1873 964 1949 Infirmos,
987 1871 1095 1946 inquit,

108 1971 223 2023 curate:
249 1959 300 2015 ubi
329 1972 396 2034 post
421 1973 480 2015 tres
510 1959 727 2017 beneficencias
751 1959 924 2033 adiungitur
948 1958 1096 2032 evangeli-

107 2046 186 2103 zanti
211 2059 319 2119 quarto
343 2047 508 2104 liberalitas
532 2061 561 2102 et
585 2046 717 2103 intencio
740 2045 926 2120 predicandi.
952 2047 1097 2123 Infirmos,

108 2133 214 2208 inquit,
237 2146 353 2201 curate;
376 2137 457 2208 quod
477 2135 652 2190 mandatum
670 2152 732 2190 non
749 2147 870 2208 oportet
886 2132 1096 2189 universaliter

108 2220 243 2294 intelligi,
274 2220 345 2294 quia
373 2235 444 2277 tunc
474 2239 587 2294 paucos
616 2222 662 2277 vel
690 2221 789 2277 nullos
818 2220 909 2277 hodie
938 2219 1095 2293 obligaret.

65 2310 159 2365 aosed
192 2307 326 2382 loquitur
359 2309 395 2364 de
429 2307 604 2364 infirmitate
637 2307 787 2382 spirituali
820 2326 880 2382 qua
920 2321 1096 2381 peccatores

109 2393 278 2451 mentaliter
311 2393 511 2451 infirmantur.
546 2395 621 2450 Cum
652 2397 689 2451 ad
718 2394 801 2451 illam
833 2393 1040 2451 infirmitatem
1070 2408 1098 2450 et

108 2482 170 2539 cius
199 2480 390 2539 curacionem
422 2481 558 2538 Christus
587 2484 802 2556 preponderat,
832 2480 1024 2538 manifestum
1054 2495 1097 2537 est

108 2570 188 2645 quod
214 2568 277 2625 eius
302 2568 497 2626 curacionem
523 2568 606 2642 prius
631 2569 769 2642 intelligit
794 2582 885 2643 atque
910 2569 1045 2625 mandat.

152 2659 272 2719 lterum,
297 2655 321 2712 si
343 2656 478 2712 Christus
500 2657 556 2712 hoc
580 2655 789 2713 universaliter
815 2657 983 2725 mandaret,
1009 2657 1094 2712 daret

66 2748 95 2795 25
108 2762 183 2817 eque
212 2742 419 2799 universaliter
453 2743 624 2816 potenciam
658 2745 696 2799 ad
730 2742 877 2800 miracula
909 2741 1096 2801 faciendum:

108 2831 190 2905 quod
215 2829 408 2887 manifestum
433 2845 477 2886 cst
501 2849 610 2905 capere
635 2829 814 2887 instanciam
840 2830 870 2886 in
894 2843 999 2886 sancto
1016 2832 1096 2903 Apo·

109 2918 202 2985 stol0;
237 2916 299 2991 ipse
328 2916 408 2973 enim
438 2917 493 2973 luit
523 2936 598 2992 eque
626 2931 758 2988 sanctus,
792 2918 914 2991 quando
947 2917 1097 2994 consuluit

108 3004 270 3061 Timotheo
294 3003 338 3059 uti
363 3003 484 3061 modico
501 3005 571 3061 vino
588 3019 712 3079 propter
729 3006 920 3061 stomachum
945 3017 974 3060 et
991 3017 1097 3060 contra

110 3090 300 3147 infirmitates
324 3110 392 3148 suas
417 3091 460 3147 uti
485 3091 685 3149 medicamine
709 3091 849 3157 naturali,
874 3090 950 3148 sicut
975 3093 1097 3165 quando

67 3181 98 3231 30
110 3190 227 3253 patrem
253 3177 349 3234 Publii
375 3176 556 3235 miraculose
573 3179 689 3236 sanavit
714 3199 731 3236 a
755 3179 896 3235 febribus.
922 3178 1001 3249 Quia
1025 3197 1097 3251 ergo

109 3265 276 3322 universale
287 3278 443 3338 tamquam
454 3266 536 3339 prius
547 3265 724 3340 particulari
737 3285 753 3323 a
767 3279 875 3322 natura
888 3265 988 3339 primo
1001 3264 1097 3321 inten-

110 3352 200 3415 ditur,
231 3351 299 3408 ideo
324 3353 461 3410 Christus
486 3354 543 3409 hoc
569 3356 744 3410 mandatum
770 3352 938 3409 universale
963 3351 1097 3426 precepit

110 3441 190 3514 quod
202 3439 439 3512 evangelizantes
451 3454 555 3497 curent
567 3439 705 3497 infirmos
722 3443 759 3497 ad
777 3459 898 3497 sensum
918 3438 1096 3514 expositum.

152 3527 210 3582 Sed
234 3526 305 3601 quia
329 3527 443 3582 inicium
469 3529 561 3584 ouun's
574 3528 688 3603 peccati
701 3528 847 3603 superbio,
871 3527 939 3583 ideo
963 3529 1098 3583 secundo

1130 1360 1197 1404 Good
1214 1360 1292 1403 trorlts

1153 1413 1269 1463 ettioincd.

1120 2054 1134 2083 1.
1151 2040 1248 2102 llcaling
1263 2040 1300 2083 tlte

1184 2094 1240 2141 siclt.

1158 2144 1173 2187 i.
1189 2157 1207 2187 e.
1224 2146 1262 2188 the

1133 3551 1153 3583 2.
1168 3537 1294 3592 Cleansing

1169 3592 1252 3646 lepers.

67 3615 97 3666 35
110 3612 261 3686 subiungit
295 3615 375 3688 quod
409 3616 545 3670 rrtrrrrderrt
574 3617 716 3691 leprosos
745 3617 826 3689 quod
855 3616 943 3671 debet
971 3613 1097 3670 omnino
1113 3644 1128 3688 p,
1143 3656 1162 3688 ο,
1177 3644 1216 3687 the
1230 3643 1314 3699 prm

109 3698 256 3756 verificari
290 3714 319 3757 et
353 3700 478 3775 intelligi
508 3704 544 3758 de
573 3702 719 3777 superbis,
754 3701 861 3759 Omnis
891 3700 970 3758 enim
998 3701 1097 3758 viator

110 3786 185 3844 citra
213 3787 367 3844 Christum
400 3788 430 3844 in
458 3788 560 3864 aliquo
593 3803 730 3864 tempore
762 3803 806 3846 est
836 3791 992 3864 superbus,
1028 3788 1097 3845 ideo

109 3888 229 3948 oportet
254 3876 336 3949 quod
360 3894 414 3933 sua
439 3875 652 3934 mundificacio
677 3876 803 3951 incipiat
820 3895 837 3934 a
854 3895 885 3934 se
910 3877 986 3951 ipsa.
1011 3875 1096 3933 Sicut

110 3961 189 4019 enim
221 3961 420 4035 corporaliter
449 3964 585 4037 leprosus
614 3963 644 4018 in
677 3976 745 4020 cute
772 3977 872 4037 turget
905 3962 1096 4031 difformiter,

117 4199 122 4206 ἣ
162 4145 245 4206 pilli:
261 4158 331 4201 quam
346 4145 462 4205 discipuli.
518 4159 536 4189 a.
553 4148 605 4190 iecit
620 4147 759 4203 antiquitus3
775 4147 805 4189 ib.
817 4146 836 4189 E
846 4147 868 4189 lu
881 4159 954 4189 mar'.
965 4162 1033 4190 enen:
1046 4148 1096 4191 luit.

109 4212 132 4256 o.
147 4199 197 4241 bb:
214 4199 310 4242 laboret.
370 4206 392 4243 b.
408 4211 428 4258 7.
444 4198 496 4241 lili:
514 4199 658 4242 retardantis.
722 4198 750 4242 13.
765 4201 799 4242 ll:
815 4199 853 4254 qui
869 4199 891 4241 iu
907 4162 962 4241 celis
977 4206 1011 4242 est
1025 4200 1097 4243 deest.

110 4260 141 4292 ro.
150 4253 181 4293 A:
191 4259 268 4294 curate
276 4260 319 4294 etc.
348 4262 380 4306 19.
388 4251 434 4293 lim
443 4264 515 4303 ttrarg.
524 4267 528 4293 τ
538 4252 644 4295 lulirmos
653 4258 730 4294 curate
738 4252 843 4306 qualiter.
871 4263 907 4294 20.
914 4253 947 4294 A:
958 4251 1096 4306 spirituales.

110 4315 138 4345 et.
156 4306 188 4346 h:
203 4316 255 4346 cum
271 4304 340 4347 euim.
374 4301 404 4347 35.
416 4305 449 4346 A:
465 4304 527 4357 quod
543 4310 647 4358 oportet:
662 4304 693 4346 ib.
704 4303 723 4346 E
733 4303 755 4345 iu
768 4315 853 4358 marg:
869 4303 966 4358 leprosi
982 4303 1021 4358 qui
1037 4311 1096 4346 sunt.

162 4429 202 4493 34.
220 4429 302 4478 Eccli.
316 4429 381 4491 Vlll,
399 4428 436 4479 15.
