3166 5212
203 468 362 562 sunnon]
463 495 465 499 ¹
539 489 831 544 suouetaurilia.
898 491 901 494 ⁴

199 653 272 710 talia
300 666 329 710 et
353 666 476 727 propter
500 653 744 729 equivocacionis
768 653 949 711 distanciam
973 672 1035 711 non
1059 655 1185 716 habere:

199 742 280 815 quod
298 740 449 796 Mattheus
473 740 584 815 detegit
607 760 661 815 per
688 742 746 798 hoc
770 743 851 817 quod
875 740 948 798 dicit
972 743 1048 816 quod
1072 741 1187 797 videtur

199 827 314 883 habere.
340 826 468 885 Habicio
489 827 569 884 enim
592 840 635 884 est
658 827 730 884 satis
747 827 893 903 equivoca
911 840 939 884 et
956 829 1054 884 solum
1071 845 1186 884 nuncu-

200 913 310 987 pativa,
339 915 391 970 sed
425 913 561 989 sequitur
589 932 725 970 severum
754 913 900 971 iudicium
928 932 1019 988 super
1046 914 1186 971 inimicos

176 999 312 1058 §Christi
337 1000 529 1058 domesticos.
552 1001 657 1057 Verum
681 1011 788 1072 tomen,
812 999 919 1075 inquit,
944 1001 1075 1058 inimicos
1098 1019 1186 1070 meos,

199 1088 257 1144 hoc
278 1100 331 1155 est,
354 1086 420 1143 illos
440 1088 490 1162 qui
508 1088 663 1144 noluerunt
683 1106 728 1143 me
748 1105 877 1165 regnare
891 1105 981 1162 seper
996 1104 1036 1160 se,
1052 1087 1188 1143 adducite

199 1175 254 1230 huc
270 1185 297 1230 et
313 1173 465 1250 interficite
484 1185 551 1230 onte
570 1192 624 1230 me.
649 1175 725 1230 Cum
750 1187 851 1231 autem
876 1191 978 1231 servus
1001 1192 1132 1249 nequam
1157 1187 1186 1231 et

198 1279 304 1317 omnes
330 1259 487 1335 dampnati
512 1260 571 1317 sint
598 1259 748 1317 interfecti
776 1273 874 1317 morte
902 1261 1035 1317 secunda
1063 1274 1092 1318 et
1116 1280 1184 1318 curn

198 1349 253 1404 hos
264 1347 403 1404 inimicos
414 1346 559 1422 capitales
571 1345 682 1403 Christi
698 1359 820 1422 oportet
834 1347 966 1404 severius
982 1347 1014 1404 in
1029 1347 1186 1422 presencia

160 1434 261 1492 meins
284 1433 422 1505 interfici,
448 1452 517 1491 curn
534 1434 593 1491 sint
610 1433 781 1509 proditores
798 1434 861 1491 eius
879 1435 946 1509 plus
962 1433 1080 1509 perfidi,
1099 1448 1126 1491 et
1143 1434 1185 1491 sic

199 1521 294 1595 magis
323 1523 473 1578 horrende
501 1520 675 1591 damnandi,
704 1520 782 1578 sicut
809 1521 981 1596 proditores
1011 1540 1185 1597 regnorum,

198 1622 267 1665 sunt
284 1607 396 1679 traditi,
414 1609 561 1683 suspensi,
578 1608 742 1683 decapitari
758 1621 787 1666 et
803 1609 965 1666 crudeliter
981 1608 1184 1666 dimembrati.

199 1695 257 1770 lpsi
281 1708 382 1752 autem
407 1695 582 1770 conspirant
605 1714 675 1753 cum
699 1696 788 1753 sectis
811 1696 872 1753 suis
889 1695 1056 1771 proditorie
1078 1709 1184 1753 contra

199 1782 352 1839 Christum
381 1795 410 1839 et
438 1782 489 1840 ubi
518 1784 686 1840 debuerunt
714 1796 870 1858 tamquam
899 1783 1061 1857 primiceri·
1082 1801 1185 1857 regere

159 1878 187 1929 ι5
198 1890 287 1927 suum
304 1869 477 1940 exercitum,
494 1867 585 1926 nimis
601 1870 675 1926 false
691 1882 906 1927 consenserant
923 1869 954 1925 in
970 1869 1182 1927 seduccionem

198 1976 320 2014 suarum
348 1955 450 2013 ovium
474 1955 670 2013 Antichristo.
704 1958 745 2012 Ex
774 1955 830 2013 hiis
859 1955 946 2013 dictis
974 1955 1006 2012 in
1030 1957 1111 2013 finali
1139 1957 1184 2012 iu-

198 2043 277 2100 dicio
305 2045 446 2119 precedet
474 2062 545 2100 suos
573 2043 604 2100 in
628 2043 767 2101 celestem
792 2045 957 2100 Jerusalem
982 2045 1184 2100 ascendendo.

241 2130 329 2188 Circa
367 2132 424 2189 hoc
461 2129 648 2204 evangelium
685 2129 850 2199 dubitatur,
884 2149 952 2186 cum
990 2148 1081 2186 causa
1113 2129 1184 2187 facit
1208 2139 1394 2201 saianhomas

199 2231 361 2291 martyrem
379 2231 408 2274 et
423 2231 545 2274 sanctus
554 2219 689 2274 Thomas
707 2216 782 2272 obiit
797 2236 853 2291 pro
869 2215 1041 2273 defensione
1059 2217 1184 2274 ecclesie
1203 2193 1401 2290 ᾞῖἒὲξζὲιζοξο

154 2331 187 2366 20
198 2304 368 2362 dotacionis
393 2306 438 2377 (ut
462 2304 664 2361 communiter
688 2305 920 2379 proclamatur),
942 2305 1097 2379 quomodo
1121 2317 1182 2361 tam
1201 2298 1400 2395 'gfffinglffigssl

197 2391 328 2465 gloriose
349 2404 452 2466 posset
471 2390 600 2448 interfici
622 2390 673 2466 qui
694 2390 884 2448 ordinacioni
901 2390 1013 2447 Christi
1032 2390 1062 2446 in
1084 2391 1184 2466 capite
1271 2368 1283 2394 ι
1395 2384 1400 2393 ’

198 2478 243 2536 sui
264 2479 410 2536 exercitus
430 2478 486 2535 fuit
508 2491 594 2535 tanto
616 2477 794 2535 contrarius.
819 2479 878 2534 Sed
895 2476 1073 2534 Antichristi
1094 2477 1183 2536 disci-

196 2565 260 2641 puli
289 2566 384 2623 multa
412 2565 461 2623 hic
488 2579 625 2623 asserunt
653 2578 682 2622 et
709 2583 770 2622 non
799 2567 938 2639 probant.
967 2564 1074 2621 Nullus
1101 2565 1180 2623 enirn

196 2652 328 2710 sedecim
353 2652 551 2711 articulorum
572 2671 629 2727 pro
650 2651 758 2726 quibus
780 2651 828 2708 hic
851 2665 973 2709 sanctus
996 2651 1072 2709 obiit
1095 2666 1183 2710 sonat

155 2751 185 2802 25
196 2739 228 2797 in
251 2739 443 2797 dotacionem
467 2758 620 2796 cesaream
644 2739 831 2813 prelatorum
855 2740 901 2796 vel
924 2752 1072 2814 repugnat
1100 2740 1183 2797 abla-

197 2826 277 2885 cioni
297 2827 378 2884 fatue
395 2829 588 2884 donatorum.
613 2827 683 2883 Ideo
706 2825 783 2882 sicut
803 2825 935 2900 pharisei
959 2839 988 2883 et
1010 2829 1183 2884 sacerdotes

197 2914 270 2989 legis
298 2913 406 2971 veteris
437 2913 558 2971 sinistre
590 2912 779 2988 interpretati
814 2926 883 2969 sunt
910 2913 989 2973 facta
1014 2913 1125 2971 Christi
1153 2926 1182 2971 et

197 3001 278 3059 dicta
311 3000 374 3058 eius
406 3000 545 3076 nequiter
577 3013 781 3075 reportarunt,
813 2999 857 3057 sic
885 2999 999 3057 faciunt
1028 2998 1118 3057 hodie
1145 3003 1183 3057 de

196 3088 264 3145 vitis
291 3101 466 3146 sanctorum
496 3087 547 3162 qui
576 3089 722 3144 mundum
750 3086 880 3161 sapiunt.
911 3090 987 3144 Nam
1016 3089 1182 3144 secundum

155 3185 187 3236 30
197 3174 340 3249 Cypriani
359 3174 567 3232 testimonium
588 3176 668 3232 solus
687 3173 822 3231 Christus
841 3185 884 3231 est
902 3174 1074 3246 ortdiendus,
1098 3173 1182 3232 cuius

198 3261 391 3319 conversacio
411 3273 456 3319 est
477 3263 564 3337 plene
580 3261 718 3318 fidelibus
735 3260 924 3336 exemplaris,
940 3260 1010 3318 ideo
1027 3263 1182 3336 arguendo

198 3368 251 3423 per
275 3350 376 3406 locum
401 3367 419 3406 a
439 3348 529 3405 simili
551 3347 607 3404 iste
627 3361 749 3405 sanctus
770 3347 814 3405 sic
834 3347 914 3418 fecit,
936 3366 1008 3423 ergo
1029 3362 1073 3405 est
1094 3347 1182 3408 nobis

198 3436 337 3493 similiter
364 3434 545 3505 faciendum,
577 3447 699 3509 oportet
730 3452 839 3510 capere
866 3437 947 3511 quod
976 3435 1008 3492 in
1035 3436 1092 3492 hoc
1119 3454 1182 3492 non

199 3522 333 3598 peccavit
370 3524 422 3579 sed
458 3524 540 3597 quod
576 3521 689 3579 facturn
725 3520 800 3578 illud
833 3524 912 3579 Deus
949 3521 980 3579 in
1012 3523 1181 3597 exemplum

156 3619 186 3670 35
199 3609 328 3684 posteris
344 3608 514 3684 dereliquit,
531 3610 612 3684 quod
628 3608 700 3685 quia
716 3608 747 3665 in
763 3607 884 3666 Christo
901 3610 1046 3666 debemus
1067 3628 1100 3666 ex
1123 3608 1182 3665 fide

197 3715 379 3772 supponere,
407 3695 439 3753 in
466 3695 533 3771 ipso
559 3697 626 3753 solo
652 3714 715 3754 uon
738 3708 859 3771 oportet
882 3694 981 3771 ipsum
1005 3695 1181 3771 exprimere.

250 3894 264 3925 r.
280 3881 311 3926 E:
326 3881 446 3925 distancie.
494 3879 514 3925 3.
529 3881 589 3925 Ain
605 3893 690 3937 marga
705 3881 804 3925 Habicio
819 3882 912 3935 duplex.
961 3881 980 3924 5.
997 3882 1030 3924 A:
1046 3880 1142 3925 Christo
1157 3905 1182 3912 -

197 3934 304 3977 inimicos
315 3935 386 3977 deest.
423 3934 445 3976 6.
455 3934 487 3977 A:
499 3934 543 3977 hoc
552 3941 586 3994 est
596 3934 672 3986 dees13
683 3934 716 3994 ib,
724 3933 776 3977 DE:
789 3934 966 3994 rroltrn13ib.h:
979 3933 1080 3994 adduite.
1106 3947 1138 4028 ff
1149 3934 1180 4006 ll:

198 3985 317 4041 Quantum
332 3993 422 4047 auutem3
434 3985 467 4047 Ε
483 3998 591 4040 quamvls
605 3993 695 4039 autem;
711 3985 772 4028 thl)
788 3998 811 4028 ιιι
827 3997 913 4046 marga
926 3985 1058 4045 interlicere
1072 3998 1112 4042 qur
1139 3993 1180 4046 est.

197 4038 218 4081 8.
230 4040 264 4082 A:
276 4045 344 4099 sunt3
355 4039 392 4098 rh,
402 4038 454 4080 Dh:
466 4038 568 4080 secunda
578 4037 650 4098 deest.
680 4049 708 4081 ra.
721 4038 752 4080 h:
768 4045 911 4098 surrttract1;
925 4039 957 4080 rb.
969 4039 1003 4080 A:
1019 4038 1181 4098 dememhrntr.

196 4089 1181 4197 hlmaturant·lltt'ttlfl·ahl'ttulithtt-'llttlllf'li

197 4201 266 4237 tante.
320 4175 533 4290 nahrprohuo.
565 4192 821 4255 '30.A:audiendus
835 4194 911 4244 deest,
926 4193 957 4236 rb
974 4190 1003 4237 E':
1018 4195 1068 4237 eius
1082 4206 1142 4256 corr.
1158 4193 1181 4256 in

198 4258 283 4301 mnrg.:
298 4259 373 4290 cutus.
428 4258 451 4292 o,
461 4243 491 4289 31.
505 4247 535 4289 h:
551 4259 601 4288 erus
611 4258 769 4289 conversacio.
814 4245 847 4289 33.
860 4246 911 4289 DE:
927 4259 949 4288 rn
962 4247 1005 4288 hoc
1015 4247 1092 4295 deest;
1107 4248 1138 4290 rb.
1151 4246 1185 4302 br,

198 4311 243 4341 non
259 4299 330 4341 deest.
383 4296 419 4352 34.
436 4297 565 4353 1›E:quoa
581 4297 652 4342 deest.
711 4297 744 4342 35.
759 4298 789 4341 E:
806 4300 905 4354 poteris;
920 4299 951 4340 ih.
963 4299 1015 4341 ltE:
1031 4300 1093 4353 quod
1109 4299 1181 4342 deest.

250 4423 292 4474 30.
311 4425 378 4474 Vide
397 4439 485 4492 supra,
503 4424 596 4474 Sermo
615 4424 657 4486 lll,
676 4439 734 4490 pag.
752 4426 792 4476 15.
990 4477 992 4481 ,

1063 4513 1077 4564 3
