3166 5212
196 499 299 545 serito
316 483 392 572 xiii]
550 501 709 554 sucurtoii
732 501 827 552 raas

196 663 267 739 quia
295 662 420 720 relativa
448 677 517 719 sunt
546 662 630 720 istius
657 677 764 721 nature
792 666 958 721 secundum
982 662 1182 739 philosophos

195 754 277 826 quod
307 770 368 807 uno
398 750 519 825 cognito
548 763 668 824 oportet
692 752 773 825 quod
798 750 946 825 reliquum
972 763 1181 825 cognoscatur.

196 838 254 909 Qui
284 837 363 895 enim
393 837 548 911 cognoscit
575 856 650 912 pure
674 837 784 894 Christi
813 837 1032 895 humanitatem
1057 856 1115 912 que
1139 850 1183 894 est

196 925 316 983 habitus
339 944 391 981 sue
415 924 589 995 divinitatis,
619 924 774 998 cognoscit
797 937 953 999 tamquam
979 924 1074 982 bestia
1096 922 1183 980 vesti·

115 1041 118 1046 ,
170 1015 330 1070 5mentum
369 1026 398 1069 et
434 1014 472 1069 ad
505 1010 696 1085 propositum
728 1011 873 1086 evangelii
905 1031 966 1070 non
1003 1011 1183 1080 subiectum,

196 1102 275 1157 unde
292 1113 361 1173 post
377 1097 634 1156 resurreccioncm
652 1099 862 1172 cognoscendo
874 1099 1026 1157 Christum
1044 1098 1184 1156 distincte

196 1189 251 1243 sub
287 1186 409 1243 racione
443 1204 503 1261 qua
541 1184 635 1259 patris
675 1184 753 1241 filius
792 1185 940 1243 naturalis
978 1198 1184 1260 cognoverunt

197 1273 338 1331 distincte
362 1273 591 1348 quodammodo
615 1285 733 1347 patrem
757 1292 861 1345 suum3
884 1292 955 1330 nam
980 1292 1066 1331 secus
1087 1287 1130 1330 est
1147 1275 1184 1330 de

196 1361 261 1418 istis
293 1360 425 1419 relativis
458 1373 487 1417 et
515 1373 601 1435 patre
630 1373 658 1416 et
688 1359 751 1417 filio
779 1374 808 1417 et
837 1360 992 1431 creaturis,
1025 1381 1093 1418 cum
1125 1374 1184 1417 stat

156 1448 327 1505 ioviantcm
352 1462 471 1522 patrem
490 1446 644 1504 hominem
663 1446 802 1505 distincte
827 1467 1009 1522 cognoscere
1033 1462 1061 1505 et
1085 1450 1183 1505 solum

197 1536 320 1592 confuse
344 1535 407 1591 eius
432 1535 538 1606 filium,
563 1553 631 1593 cum
656 1547 715 1592 stat
731 1537 814 1609 quod
831 1535 941 1592 habeat
958 1536 1068 1592 multas
1084 1537 1185 1610 proles
1228 1542 1377 1603 faihqruooq

197 1636 225 1680 et
242 1641 296 1697 per
313 1641 510 1697 consequenS,
535 1641 603 1679 cum
628 1620 667 1678 sit
690 1621 917 1680 accidentaliter
933 1637 1019 1697 pater
1037 1637 1066 1681 et
1084 1624 1184 1697 proles
1208 1609 1236 1640 ³¹¹
1252 1596 1357 1703 affiiaqan
1372 1607 1395 1638 ¹¹¹

196 1729 250 1767 sua
263 1709 490 1767 accidentaliter
502 1708 589 1778 filius,
600 1721 660 1765 stat
677 1710 759 1783 quod
774 1723 836 1766 tam
853 1709 967 1767 noticia
983 1729 1036 1767 sue
1053 1710 1185 1768 essencie

196 1816 288 1872 quam
320 1795 435 1854 noticia
467 1814 521 1852 sua
555 1794 679 1852 relativa
714 1810 891 1870 permaneat
920 1816 988 1854 curn
1018 1799 1075 1854 hoc
1104 1799 1185 1872 quod

157 1883 310 1940 iinoticia
347 1883 470 1940 extremi
508 1882 632 1939 alterius
665 1883 857 1956 deperdatur.
897 1883 981 1940 Sicut
1013 1883 1092 1941 enim
1126 1897 1186 1941 stat

198 1973 319 2027 Petrum
344 1988 407 2026 esse
432 1968 586 2043 cognitum
610 1970 666 2025 sub
690 1967 812 2026 racione
836 1989 895 2044 qua
920 1984 1016 2045 pater,
1041 1990 1110 2027 cum
1128 1972 1186 2028 hoc

197 2059 279 2132 quod
307 2056 384 2112 desit
411 2055 525 2113 noticia
549 2053 634 2112 Pauli
663 2053 716 2111 filii
744 2055 790 2112 sui
819 2070 944 2131 propter
973 2071 1101 2114 mortem
1126 2056 1187 2114 alio

199 2143 260 2199 filio
290 2157 443 2216 generum,
473 2142 516 2199 sic
543 2154 604 2199 stat
632 2160 815 2217 cognoscere
839 2147 961 2200 Petrum
985 2146 1040 2202 sub
1065 2143 1187 2201 racione

199 2249 258 2305 qua
282 2229 416 2287 essencia
439 2249 507 2287 curn
533 2231 591 2286 hoc
607 2231 689 2304 quod
713 2228 797 2286 racio
820 2248 873 2287 sue
889 2230 1080 2304 paternitatis
1104 2230 1187 2304 igno-

155 2332 280 2375 roretur
303 2318 350 2374 vel
378 2337 447 2374 cuin
477 2318 535 2373 hoc
558 2319 640 2392 quod
665 2315 774 2373 desinit
803 2335 867 2374 esse
894 2330 980 2392 pater
1003 2320 1049 2375 vel
1073 2336 1107 2374 ex
1130 2319 1188 2375 hoc

198 2406 279 2480 quod
308 2404 371 2461 sine
399 2403 551 2462 relacione
579 2404 632 2461 tali
660 2422 715 2460 sua
741 2416 851 2461 natura
878 2405 958 2461 nude
989 2404 1026 2461 sit
1056 2404 1186 2478 cognita.

198 2493 257 2548 Sed
275 2493 350 2547 tales
365 2490 552 2548 variaciones
568 2509 630 2548 non
655 2489 803 2565 contingit
827 2508 891 2548 esse
914 2491 945 2548 in
971 2491 1187 2566 personalitate
1227 2516 1334 2561 assentiri
1349 2518 1372 2559 ιη

198 2578 308 2649 divina,
338 2597 407 2636 cuin
435 2577 548 2635 relacio
575 2578 606 2635 in
629 2576 688 2633 illis
710 2595 773 2634 non
796 2577 835 2634 sit
858 2577 997 2636 accidens
1020 2597 1075 2637 nec
1099 2578 1187 2635 unius
1270 2568 1331 2612 ⁰⁰⁶·

198 2684 326 2741 persone
355 2664 489 2723 essencia
515 2665 627 2740 poterit
656 2666 694 2722 ab
722 2663 782 2722 alia
810 2665 960 2739 separari3
989 2666 1058 2723 ideo
1082 2665 1186 2723 dicunt

156 2753 330 2826 25theologi
354 2752 543 2810 subtiliantes
566 2750 696 2810 inaniter
720 2752 812 2826 quod,
836 2752 907 2809 licet
930 2766 1015 2827 pater
1038 2753 1076 2809 sit
1100 2766 1186 2827 pater

197 2840 281 2915 prius
305 2839 421 2914 origine
444 2840 536 2896 verbo
560 2857 626 2909 suo,
650 2850 754 2895 tamen
776 2838 801 2895 si
825 2852 911 2914 pater
934 2853 988 2910 est,
1013 2853 1084 2896 tunc
1107 2838 1185 2896 filius

197 2946 269 2983 suus
303 2940 346 2983 est
380 2939 408 2982 et
439 2939 572 2995 econtra,
607 2944 676 2982 cuin
709 2944 766 3000 pro
794 2925 846 2982 illa
873 2925 1032 3001 prioritate
1061 2925 1186 3001 originis

197 3027 283 3089 pater
310 3033 372 3071 non
400 3025 499 3087 potest
527 3031 590 3069 esse
618 3011 682 3069 sine
706 3012 768 3069 lilio
792 3030 848 3070 nec
872 3026 1006 3083 econtra,
1031 3033 1100 3071 cum
1123 3033 1186 3070 non

198 3100 236 3157 sit
257 3100 299 3157 eis
320 3099 462 3174 prioritas
483 3098 629 3174 temporis
649 3099 696 3156 vel
716 3111 833 3157 nature.
858 3103 920 3157 Nec
941 3113 985 3157 est
1002 3100 1080 3158 inter
1097 3100 1184 3157 istam

155 3186 363 3244 3oessenciam
398 3200 426 3243 et
458 3185 548 3243 istam
580 3185 747 3261 ypostasiin
781 3203 844 3243 esse
877 3200 906 3243 et
944 3187 1033 3243 istum
1067 3201 1185 3262 patrem

199 3293 262 3331 esse
295 3272 437 3348 prioritas
469 3272 604 3347 originis,
639 3292 708 3330 cum
740 3285 850 3331 natura
879 3273 981 3331 divina
1007 3293 1064 3332 nec
1091 3273 1187 3349 gignit

198 3376 316 3436 patrem
346 3380 400 3418 nec
429 3359 496 3435 ipsa
522 3360 672 3435 ypostasis
700 3372 744 3417 est
772 3359 855 3434 prius
887 3360 1059 3436 aliqualiter
1093 3381 1185 3437 quam

199 3463 242 3505 est
270 3461 365 3523 pater.
395 3446 535 3522 Apostoli
562 3465 634 3522 ergo
662 3446 733 3503 licet
760 3446 928 3505 sentencias
956 3449 1031 3505 tales
1053 3467 1116 3505 non
1139 3467 1187 3506 ex-

198 3548 369 3610 presserant
391 3547 517 3609 propter
542 3533 804 3610 impertinenciam
828 3533 959 3592 viacioni
985 3535 1061 3606 utili,
1084 3549 1186 3593 tamen

155 3626 360 3697 35postquam
383 3620 521 3680 Christus
542 3620 661 3696 aperuit
686 3620 744 3678 illis
770 3638 902 3694 sensum,
927 3636 960 3679 ut
986 3622 1187 3698 intelligerent

198 3709 373 3784 scripturas,
402 3707 584 3766 subtilitates
615 3708 687 3766 istas
715 3721 745 3765 et
779 3709 890 3766 multas
918 3709 992 3766 alias
1021 3727 1097 3783 quas
1125 3728 1187 3767 non

197 3796 305 3853 viatori
346 3809 553 3871 expresserant
591 3809 805 3870 cognoverunt,
839 3798 919 3853 unde
947 3795 1085 3854 Christus
1117 3781 1186 3871 pio-

199 3883 320 3941 mittens
342 3882 383 3940 eis
404 3882 550 3941 noticiam
571 3883 660 3941 istam
682 3881 854 3941 beatificam
875 3882 919 3941 sic
935 3882 1038 3940 insert:
1063 3882 1186 3957 Amodo,

249 4135 268 4180 3.
283 4138 305 4197 ᾼ
319 4136 342 4180 iii
358 4149 443 4193 marg:
458 4137 492 4181 Dc
507 4138 617 4182 relativis.
672 4137 693 4182 6.
708 4138 741 4182 D:
757 4136 877 4194 quiditate.
933 4136 956 4191 6,
967 4149 987 4193 7.
1002 4135 1034 4197 ΕΞ
1048 4135 1186 4196 quiditatiye

197 4190 239 4232 sub
256 4201 355 4232 racione.
468 4202 488 4245 7.
504 4190 556 4252 Dis:
572 4198 729 4251 cognoverunt
744 4190 829 4235 debite.
960 4220 965 4231 .
979 4188 1011 4233 E:
1026 4201 1049 4232 iit
1064 4194 1185 4248 creatuna.

198 4253 226 4294 ir,
243 4239 271 4284 13.
286 4243 320 4285 A:
335 4248 357 4284 et
371 4243 448 4297 proles
465 4267 485 4273 -·
502 4241 673 4287 accidentaliter
687 4241 758 4302 deest.
840 4239 870 4296 13,
887 4254 918 4295 ¹4·
955 4241 987 4285 E:
1003 4252 1044 4284 sue
1059 4265 1084 4271 -
1099 4247 1185 4300 noticia

196 4294 284 4353 deest..
348 4293 379 4346 16,
396 4307 425 4349 ιγ.
441 4293 494 4338 DE:
509 4307 554 4350 qua
570 4301 673 4356 pater-¹
688 4305 780 4338 racione
794 4293 865 4356 deqst.
948 4304 981 4336 22.
997 4292 1183 4354 DErconvemt.

193 4345 905 4459 tardat„matta&attentassettriffil‘lltm.
960 4344 1041 4443 atil
1054 4357 1184 4452 llpp'lssllff

194 4448 231 4505 36,
245 4448 280 4506 37.
294 4451 327 4495 A:
344 4462 391 4495 non
405 4457 488 4496 viatori
503 4462 563 4507 uon3
578 4450 632 4497 DE:
648 4462 756 4495 vinnom.
