3166 5212
225 469 328 518 senua
343 450 415 544 unx]
579 475 741 530 secunus
761 478 857 535 enas,

226 656 315 710 quem
334 640 413 693 Deus
436 639 475 693 ad
492 639 549 694 hoc
565 639 748 696 ordinaverit
765 640 891 715 implere
908 654 1003 698 totam
1028 636 1211 695 sentenciam

226 723 298 797 legis
322 743 388 780 sue:
423 725 489 794 Qui,
519 724 626 802 inquit,
655 727 776 783 solverit
803 747 890 784 tenum
920 729 955 784 de
983 725 1129 783 ntaudotis
1152 724 1214 780 istis

226 811 351 867 minimis
378 823 405 868 et
434 813 564 868 docuerit
591 813 632 869 sic
664 814 792 872 homines
830 816 964 871 tirinimus
1001 814 1150 871 vocabitur
1186 812 1213 866 iu

227 917 319 975 reguo
353 900 499 969 celorum,·
530 900 579 975 qui
600 912 700 969 ¹autem
725 903 836 976 jecerit
867 904 909 959 sic
946 914 973 959 et
1005 900 1137 958 docuerit
1169 899 1214 955 hic

202 989 352 1063 irtzuguus
376 986 527 1043 vocabitur
550 987 577 1043 in
601 1007 695 1066 reguo
718 989 857 1046 celorum.
882 992 940 1045 Pro
965 989 1022 1045 isto
1046 1000 1127 1045 textu
1144 999 1214 1043 sunt

228 1074 322 1129 multa
340 1076 485 1144 notanda,
503 1074 603 1148 primo
620 1076 703 1150 quod
719 1094 772 1150 per
789 1094 913 1151 regnum
931 1077 1065 1133 celorum
1077 1074 1214 1132 Christus

227 1159 365 1234 intelligit
398 1179 484 1218 suam
518 1163 675 1219 ecclesiam
706 1180 764 1237 que
797 1177 841 1220 est
874 1162 941 1220 finis
976 1163 1073 1220 tocius
1100 1160 1214 1219 vicissi-

227 1247 340 1304 tudinis
365 1266 471 1305 cursus
495 1248 577 1323 legis,
602 1252 735 1308 secundo
759 1253 928 1308 notandum
952 1252 1034 1325 qnod
1064 1250 1145 1307 aliud
1171 1262 1213 1306 est
1264 1260 1391 1324 latitura-nce

228 1353 291 1392 esse
315 1334 354 1390 in
379 1334 515 1406 ecclesia,
541 1351 570 1393 et
594 1337 675 1394 aliud
700 1355 763 1394 esse
788 1340 833 1395 de
857 1337 993 1408 ecclesia,
1019 1356 1086 1394 cum
1111 1337 1142 1392 in
1167 1354 1214 1394 ec·
1230 1313 1430 1411 bgffll,s‘ss'„{i'⁰

186 1441 214 1475 ιο
227 1421 318 1479 clesia
341 1421 400 1479 sint
424 1437 487 1480 tam
513 1425 648 1481 membra
668 1425 779 1483 Christi
803 1445 893 1500 quam
920 1426 1057 1482 membra
1082 1420 1429 1498 dyaboli,‘Os'1110ffl111r011'1

226 1512 277 1566 sed
303 1512 339 1565 de
356 1510 482 1568 ecclesia
499 1525 567 1568 sunt
584 1513 682 1569 solum
700 1513 897 1587 predestinati
914 1512 965 1587 qui
982 1526 1050 1587 post
1067 1511 1213 1568 iudicium

226 1611 295 1653 sunt
323 1596 443 1654 realiter
474 1601 608 1656 membra
637 1599 760 1657 Christi.
798 1599 907 1657 Tercio
935 1601 1103 1657 notandum
1133 1600 1214 1674 quod

227 1683 364 1740 Christus
394 1685 528 1760 loquitur
557 1688 593 1744 de
620 1687 784 1744 vocacione
812 1687 858 1745 sui
881 1689 927 1745 vel
955 1687 1080 1744 ecclesie
1108 1686 1214 1742 trium-

226 1772 357 1844 phantis,
397 1771 467 1847 quia
507 1773 662 1831 modicum
701 1787 787 1832 curat
826 1777 862 1832 de
900 1773 1064 1832 vocacione
1103 1773 1214 1830 stolida

186 1858 350 1915 15heretici
375 1858 423 1916 hic
448 1860 586 1918 errantis.
612 1861 643 1917 Si
668 1861 748 1919 enim
768 1860 972 1919 Antichristus
996 1874 1084 1919 vocat
1108 1880 1138 1918 se
1162 1873 1214 1917 aut

227 1966 296 2002 suos
321 1947 485 2021 complices
515 1948 661 2006 maximos
690 1949 720 2006 in
749 1968 841 2023 regno
870 1950 1004 2007 celorum
1034 1963 1084 2006 aut
1114 1960 1214 2023 patres

228 2033 418 2091 beatissimos
447 2036 520 2111 quid
554 2037 610 2093 hoc
639 2038 677 2093 ad
708 2037 873 2094 Dominum
907 2035 1058 2094 veritatis?
1097 2038 1214 2106 Quarto

226 2120 344 2177 videtur
383 2124 464 2197 quod
496 2122 621 2180 vocacio
658 2123 775 2180 minimi
807 2123 837 2180 in
871 2142 963 2198 regno
996 2124 1129 2180 celorum
1170 2136 1213 2178 est

226 2209 351 2265 vocatio
384 2209 516 2284 presciti,
546 2210 615 2267 iusti
644 2223 746 2267 tamen
775 2213 941 2267 secundum
971 2223 1140 2284 presentem
1170 2207 1213 2266 iu-

182 2295 355 2366 20sticiam,
381 2311 408 2353 et
433 2297 557 2355 vocacio
575 2296 675 2372 magni
701 2296 729 2354 in
754 2316 846 2372 regno
863 2298 997 2355 celorum
1023 2310 1066 2354 est
1090 2296 1213 2354 vocacio

160 2371 215 2465 W:
226 2383 422 2456 predestinati
452 2387 490 2441 ad
513 2384 652 2459 gloriam.
692 2387 795 2441 Potest
823 2403 894 2459 ergo
918 2397 1014 2442 textus
1032 2376 1213 2462 predictus!

154 2456 183 2489 ²²
226 2468 267 2525 sic
292 2470 497 2544 particulatim
515 2471 656 2546 intelligi:
682 2472 740 2542 Qui
759 2471 881 2528 solverit
897 2491 991 2528 unum
1010 2469 1213 2529 demandatis

226 2556 289 2612 istis
314 2557 456 2629 minimis,
481 2559 542 2616 sive
559 2558 765 2633 intelligantur
781 2577 835 2635 per
853 2561 995 2616 mandata
1011 2559 1071 2617 ista
1087 2558 1213 2615 minima

226 2658 341 2718 septem
367 2648 512 2703 mandata
535 2648 666 2703 secunde
689 2647 791 2704 tabule
816 2647 877 2704 sive
895 2645 1006 2704 Christi
1024 2644 1150 2703 consilia
1167 2643 1212 2724 (ut

183 2731 343 2788 25videtur
360 2728 563 2812 Crisostomo)
586 2753 647 2790 non
670 2746 713 2790 est
738 2752 819 2791 cura.
844 2733 940 2792 Solvit
963 2747 1064 2790 autem
1090 2734 1144 2790 hec
1167 2733 1214 2790 vel

226 2817 286 2889 illa,
312 2822 434 2894 quando
458 2820 521 2895 ipse
551 2820 580 2877 in
609 2838 739 2895 persona
763 2840 817 2879 sua
840 2820 910 2878 licet
934 2820 1085 2895 obligatus
1112 2820 1151 2878 sit
1175 2822 1212 2877 ad

225 2905 286 2976 illa,
320 2926 381 2964 non
410 2907 515 2982 implet
543 2909 589 2966 vel
616 2927 677 2965 non
706 2909 812 2966 saltem
847 2907 977 2965 finaliter
1008 2907 1059 2966 illa
1093 2907 1212 2983 implet;

225 3007 296 3050 tunc
320 2994 400 3051 enim
429 3014 534 3052 eorum
563 2994 706 3071 implecio
734 3015 795 3053 non
824 2995 896 3070 ligat
924 3014 992 3052 eum
1022 2997 1061 3052 ad
1085 2994 1213 3052 beatitu-

225 3081 325 3137 dinem
351 3082 575 3156 possidendam.
601 3081 660 3154 Qui
679 3096 780 3140 autem
798 3082 841 3140 sic
857 3080 980 3140 solverit
996 3083 1051 3139 hec
1069 3083 1213 3139 mandata

180 3174 212 3222 30
225 3182 253 3224 et
278 3171 353 3226 bene
377 3189 412 3227 ac
430 3184 509 3227 recte
533 3169 670 3227 docuerit
687 3172 855 3228 secundum
873 3183 1043 3245 presentem
1060 3167 1212 3226 iusticiam

225 3255 368 3312 minimus
391 3257 548 3315 vocabitur
577 3257 608 3314 in
632 3258 759 3315 ecclesia
788 3257 936 3315 militante
961 3276 978 3315 a
1003 3260 1067 3314 Deo
1096 3269 1124 3313 et
1148 3269 1213 3314 tota

224 3343 350 3400 ecclesia
374 3344 589 3420 triumphante,
614 3360 647 3402 ut
671 3358 753 3420 patet
778 3364 810 3403 ex
834 3343 1050 3420 supposicione
1073 3341 1167 3400 tercia
1184 3356 1213 3400 et

224 3444 341 3503 quarta.
375 3433 433 3488 Sed
457 3432 509 3506 qui
532 3432 635 3489 fecerit
660 3445 868 3490 consummate
898 3431 953 3489 ista
983 3432 1127 3489 mandata
1151 3429 1212 3487 sive

224 3517 360 3588 consilia,
392 3519 439 3576 hic
464 3538 590 3594 magnus
614 3520 772 3577 vocabitur
794 3519 826 3576 in
848 3537 941 3594 regno
966 3520 1110 3589 celorum,
1141 3516 1212 3593 quia

181 3609 351 3677 35magnus
379 3605 531 3663 iudicatur
559 3626 577 3664 a
601 3610 665 3664 Deo
694 3626 758 3665 esse
792 3606 822 3663 in
850 3605 978 3664 ecclesia
1009 3604 1157 3663 militante
1182 3618 1211 3662 et

224 3710 349 3766 magnus
373 3692 557 3751 iudicabitur
585 3713 649 3752 esse
677 3693 707 3751 in
739 3693 866 3752 ecclesia
890 3693 1106 3768 triumphante.
1147 3695 1212 3767 lpse

224 3779 302 3834 enim
336 3793 380 3836 est
407 3795 469 3838 tam
503 3781 543 3837 in
575 3781 699 3839 ecclesia
736 3801 827 3857 quam
858 3783 905 3838 de
938 3779 1074 3838 ecclesia.
1108 3779 1212 3837 Scribe

223 4050 227 4057 ι
272 4010 296 4076 p.
312 3998 365 4059 Illi:
379 4005 401 4041 et
415 3999 492 4060 deest:
513 4000 545 4042 ib.
560 4000 594 4044 A:
610 4000 671 4044 aliud
687 4013 745 4060 esse.
806 4011 838 4060 to,
853 4000 872 4043 E
885 4000 909 4042 in
925 4000 1098 4077 margn‘Alind,
1113 4006 1212 4043 estesse

223 4051 1212 4200 {atttlttttttltlles.nlsdthtttttllatseffqlntt‘gtl'ttla

223 4155 476 4217 tb.A:heettcmpus.
517 4155 745 4215 3o.l)l⁴.:autrccte.
787 4154 1025 4200 35.E:rudrcabttur.
1067 4154 1211 4200 lhzlste.

221 4205 255 4261 37.
271 4209 304 4251 A:
321 4219 390 4261 quam
405 4221 477 4251 cctam
493 4209 521 4251 de
535 4221 595 4264 ipsa.

279 4367 316 4400 10.
338 4350 377 4400 Cf.
398 4352 436 4400 De
455 4351 582 4416 Ecclesia,
601 4368 660 4418 pag.
680 4352 722 4420 89.
783 4350 824 4402 25.
844 4349 1029 4418 chrysostomi
1049 4352 1127 4419 Opus
1146 4352 1211 4418 lmp.
1229 4330 1238 4341 ἰ

224 4420 250 4469 in
271 4421 432 4471 Matthaeum
455 4422 533 4472 Hom.
554 4421 586 4471 X.
604 4422 664 4488 (Ed.
685 4421 799 4472 Parisina
819 4421 908 4485 altera,
927 4436 986 4488 pag.
1005 4422 1076 4489 794).
