3166 5212
591 497 760 550 lottartrtls
773 499 912 551 wvcttr
924 502 1118 553 SERuosun
1164 481 1283 571 [SERMO
1300 497 1360 540 ΗΧ

739 708 890 772 SERMO
916 710 994 771 ΗΧ.

412 849 514 905 Simile
550 860 594 906 est
626 868 751 928 regnum
785 852 914 908 celorum
947 853 1043 909 decem
1076 852 1248 932 virginibus.
1283 855 1362 909 Mat·

368 936 430 993 thei
454 937 559 1008 XXV0,
591 957 614 994 r.

160 1035 256 1095 Panare
269 1036 296 1095 ot
307 1035 346 1076 ine
414 1026 480 1080 Hoc
504 1023 692 1099 evangelium
710 1026 799 1081 docet
815 1038 927 1082 statum
945 1026 1069 1083 ecclesie
1086 1027 1116 1084 in
1134 1027 1217 1085 finali
1234 1027 1361 1098 iudicio,

178 1096 215 1129 ¹⁶¹¹
231 1099 326 1140 snagins.
369 1111 410 1168 ita
435 1112 516 1186 quod
541 1130 595 1186 per
623 1113 728 1169 decem
753 1111 883 1187 virgines
911 1113 1023 1186 signari
1051 1127 1149 1188 potest
1177 1114 1388 1172 universitasi

368 1200 530 1269 viatorum,
555 1216 614 1274 que
637 1198 776 1256 faciendo
800 1202 880 1257 bona
903 1218 996 1275 opera
1020 1202 1057 1257 de
1079 1219 1188 1276 genere
1212 1202 1293 1259 sicut
1317 1215 1361 1257 est

368 1286 398 1341 in
423 1285 551 1343 ecclesia
574 1286 692 1343 videtur
710 1304 775 1343 esse
791 1288 828 1343 de
845 1287 981 1344 ecclesia.
1006 1289 1093 1345 Unde
1109 1290 1163 1345 hec
1179 1287 1362 1346 universitas

369 1372 513 1429 dividitur
536 1372 566 1428 in
591 1375 667 1430 duos
696 1373 863 1448 quinarios,
891 1373 1005 1431 scilicet
1033 1375 1166 1450 quinque
1193 1377 1361 1450 prudentes

197 1470 249 1514 Tne
263 1471 306 1512 five
367 1460 497 1534 virgines
521 1473 550 1516 et
573 1460 707 1536 quinque
730 1462 839 1517 fatuas.
872 1460 1014 1535 Quinque
1041 1465 1204 1536 prudentes
1227 1462 1361 1536 virgines

153 1523 438 1618 rrpggpoafrtehpcsum
462 1546 641 1604 universitas
665 1549 880 1605 salvandorum
905 1566 963 1623 que
991 1566 1022 1604 se
1046 1548 1203 1605 continens
1226 1551 1265 1606 ab
1295 1549 1360 1606 ille·
1376 1574 1405 1608 ιο

173 1624 336 1684 praemunire.
368 1634 467 1692 cebris
491 1635 581 1690 habet
604 1634 808 1691 intencionem
825 1649 938 1691 rectam
962 1635 1026 1691 sine
1047 1637 1172 1692 tenebra
1194 1635 1360 1699 fatuitatis:

368 1735 397 1778 et
426 1721 485 1778 illis
513 1721 679 1796 virginibus
702 1721 895 1796 singulariter
918 1722 994 1778 inest
1018 1722 1192 1796 prudencia,
1217 1723 1291 1798 quia
1314 1741 1360 1780 se-

368 1810 501 1866 cundum
539 1807 736 1883 philosophos
773 1807 939 1884 prudencia
972 1823 1017 1866 est
1048 1809 1142 1865 virtus
1174 1809 1361 1867 intellectiva

368 1895 484 1952 racioni
517 1895 715 1952 conformiter
744 1898 947 1953 bumanorum
980 1914 1108 1970 operum
1145 1896 1293 1954 directiva
1332 1910 1361 1953 et

367 1996 493 2040 vocatur
517 2002 534 2040 a
558 1982 748 2057 philosophis
771 1983 876 2058 auriga
899 1981 1055 2041 virtutum.
1376 1993 1403 2043 15

173 2084 335 2143 tfmaenccan
412 2072 488 2127 Sunt
527 2083 628 2127 autem
669 2072 835 2127 secundum
874 2070 1068 2128 Aristotelem
1103 2072 1144 2125 V⁰
1177 2068 1359 2127 Ethicorum

184 2137 322 2230 'mima'
368 2156 503 2232 quinque
532 2156 658 2214 virtutes
690 2157 909 2214 intellectuales
946 2176 1037 2232 supra
1064 2156 1189 2214 virtutes
1223 2158 1358 2214 morales

368 2243 484 2301 scilicet
508 2245 664 2320 sapiencia,
693 2245 863 2315 intellectus,
891 2245 1024 2314 sciencia,
1047 2263 1099 2301 ars
1127 2257 1156 2301 et
1180 2245 1356 2320 prudencia.

369 2332 406 2387 Et
429 2334 596 2388 secundum
622 2330 820 2405 philosophos
848 2344 970 2406 oportet
994 2332 1075 2406 quod
1104 2330 1237 2405 quelibet
1260 2331 1358 2387 virtus

370 2416 494 2475 moralis
523 2419 633 2474 habeat
661 2435 746 2474 suam
776 2418 985 2492 prudenciam,
1017 2437 1086 2475 curn
1119 2417 1286 2492 prudencia
1320 2418 1403 2476 sitio

371 2504 490 2562 habitus
514 2504 727 2562 intellectualis
751 2504 912 2561 directivus
941 2504 1097 2580 agibilium
1126 2505 1227 2579 quoad
1252 2504 1358 2562 finem.

369 2594 406 2647 Et
431 2592 472 2648 ita
496 2610 565 2648 cum
589 2610 680 2648 omne
697 2610 774 2666 opus
795 2593 961 2649 humanum
979 2594 1068 2648 debet
1092 2591 1179 2665 dirigi
1203 2592 1241 2647 ad
1259 2594 1358 2648 Deum

368 2693 401 2735 ut
419 2678 509 2735 finem
522 2692 550 2734 et
561 2678 779 2736 beatitudinem
797 2681 1052 2754 consequendam,
1063 2677 1230 2753 prudencia
1238 2678 1361 2735 videtur

369 2767 489 2823 habitus
528 2785 589 2841 quo
627 2765 725 2822 viator
758 2766 859 2840 dirigit
897 2766 1001 2824 omnia
1039 2785 1093 2822 sua
1128 2765 1275 2822 factibilia
1314 2766 1361 2821 vel

369 2852 541 2910 artificialia
565 2854 603 2909 ad
628 2853 707 2909 hunc
728 2853 828 2910 finem.
854 2857 890 2910 Et
914 2854 970 2911 iste
986 2853 1111 2909 virtutes
1129 2863 1404 2927 presupponuntai

368 2955 429 2997 tres
453 2940 528 2996 alias
552 2939 677 2996 virtutes
701 2939 828 3014 priores,
858 2960 925 2996 cum
955 2952 1076 3015 oportet
1104 2938 1235 2996 viantem
1261 2941 1360 2996 Deum

369 3045 552 3100 cognoscere
581 3026 666 3083 cuius
689 3026 803 3084 noticia
832 3040 876 3084 est
904 3027 1067 3102 sapiencia.
1101 3028 1230 3100 Oportet
1258 3025 1360 3101 ipsum

368 3115 502 3171 secundo
526 3132 709 3188 cognoscere
726 3127 932 3170 creaturarum
951 3113 1111 3189 principia,
1136 3113 1222 3170 cuius
1245 3112 1361 3171 noticia

368 3215 412 3258 cst
436 3201 616 3271 intellectus,
642 3214 671 3257 et
695 3214 816 3275 oportet
840 3200 939 3275 ipsum
964 3200 1059 3257 tercio
1076 3202 1187 3257 habere
1210 3201 1359 3257 noticiam

368 3307 401 3344 ex
426 3287 484 3345 illis
508 3287 667 3362 principiis
691 3289 929 3345 demonstratam
955 3301 983 3345 et
1007 3287 1057 3345 illa
1074 3300 1200 3344 vocatur
1215 3287 1358 3345 sciencia.
1370 3296 1404 3348 30

411 3377 544 3432 Vocatur
567 3388 669 3432 autem
694 3374 776 3432 dicta
799 3373 978 3432 universitas
1002 3376 1099 3431 decem
1124 3375 1270 3452 virginem
1298 3376 1359 3430 vir·

366 3462 451 3538 gines
483 3476 609 3536 propter
641 3461 865 3519 continenciam
902 3481 920 3518 a
959 3461 1125 3518 manifestis
1163 3462 1292 3519 maculis
1330 3475 1359 3519 ct

368 3549 465 3605 decern
494 3562 620 3624 propter
648 3548 845 3606 inclusionem
875 3568 927 3606 sue
955 3548 1169 3606 universitatis.
1209 3551 1269 3606 Sed
1298 3551 1360 3605 duo

368 3635 498 3710 quinarii
528 3636 578 3711 qui
610 3651 678 3693 sunt
707 3636 824 3693 numeri
856 3636 1018 3693 circulares
1046 3636 1166 3711 signant
1193 3650 1360 3711 utrumque

421 3850 436 3880 1.
451 3839 472 3880 Α
488 3837 510 3880 in
527 3849 614 3893 marg:
630 3839 714 3900 Sermo
729 3838 792 3888 LIX:
814 3838 833 3881 D
848 3839 872 3881 in
884 3849 974 3927 ptargn
989 3850 1054 3893 sup:
1070 3837 1151 3899 Lvrrt.
1167 3839 1192 3881 lrt
1207 3848 1281 3893 marg.
1297 3837 1358 3900 bix.

368 3902 399 3996 {233
414 3890 936 4029 f}'rliblaff‘lbsia}‘'illibatalalf
950 3902 974 3933 ¹¹¹
989 3901 1049 4002 lt?
1058 3889 1360 4004 absentabat:

367 4006 400 4106 Ξὲζ,
413 3994 576 4107 balaal&
591 3994 806 4107 sibilavi?
846 3993 1360 4107 {at·aauellelssitll¹taldttt;

368 4111 475 4141 saturnia.
530 4058 566 4151 fa.
582 4098 601 4140 E
616 4112 639 4142 nt
656 4111 743 4152 marg:
760 4098 868 4154 Qurnarrt
883 4099 939 4142 duo.

424 4239 444 4273 r.
469 4223 508 4272 Cf.
530 4223 651 4289 Wyclil's
674 4224 811 4282 Sermons,
836 4223 878 4272 ed.
903 4222 937 4289 by
956 4222 1068 4285 arnold,
1093 4223 1111 4287 1,
1129 4236 1190 4290 pag.
1209 4218 1361 4295 abo-apg.

372 4293 514 4353 13.Trial.,
534 4308 593 4358 pag.
612 4307 666 4359 ¹²9·
742 4293 780 4342 16.
800 4291 878 4344 Arist.
898 4291 958 4343 Eth.
977 4292 1079 4343 Nicom.
1099 4286 1309 4363 liqut-,nd
1354 4300 1364 4361 ἦ

372 4379 408 4428 ¹9·
428 4362 557 4422 taarog„
581 4377 639 4427 pag.
663 4376 718 4428 rao.
818 4363 858 4424 34.
881 4361 989 4413 Numeri
1007 4361 1151 4415 circulares
1173 4362 1256 4415 ὒὶΑ
1363 4366 1369 4381 “
1392 4386 1412 4415 ¹.

367 4432 496 4479 llemarks
516 4432 531 4479 Ι.
552 4447 572 4480 ς.
594 4447 652 4496 pag.
675 4445 731 4498 290.
