<?xml version="1.0" encoding="UTF-8"?>
<!DOCTYPE html PUBLIC "-//W3C//DTD XHTML 1.0 Transitional//EN"
    "http://www.w3.org/TR/xhtml1/DTD/xhtml1-transitional.dtd">
<html xmlns="http://www.w3.org/1999/xhtml" xml:lang="en" lang="en">
 <head>
  <title>
</title>
<meta http-equiv="Content-Type" content="text/html;charset=utf-8" />
  <meta name='ocr-system' content='tesseract 3.04.00' />
  <meta name='ocr-capabilities' content='ocr_page ocr_carea ocr_par ocr_line ocrx_word'/>
</head>
<body>
  <div class='ocr_page' id='page_1' title='image "./iohanniswyclifs02mattgoog/iohanniswyclifs02mattgoog_0081.png"; bbox 0 0 3166 5212; ppageno 0'>
   <div class='ocr_carea' id='block_1_1' title="bbox 177 1353 333 1511">
    <p class='ocr_par' dir='ltr' id='par_1_1' title="bbox 177 1353 333 1511">
     <span class='ocr_line' id='line_1_1' title="bbox 177 1353 333 1408; baseline 0.013 -13"><span class='ocrx_word' id='word_1_1' title='bbox 177 1353 292 1408; x_wconf 72' lang='lat' dir='ltr'>Euaniplc¹</span> <span class='ocrx_word' id='word_1_2' title='bbox 307 1354 333 1397; x_wconf 88' lang='lat' dir='ltr'>of</span> 
     </span>
     <span class='ocr_line' id='line_1_2' title="bbox 187 1405 325 1448; baseline 0.007 -1"><span class='ocrx_word' id='word_1_3' title='bbox 187 1405 268 1448; x_wconf 79' lang='lat' dir='ltr'>Saints</span> <span class='ocrx_word' id='word_1_4' title='bbox 285 1413 325 1448; x_wconf 89' lang='lat' dir='ltr'>not</span> 
     </span>
     <span class='ocr_line' id='line_1_3' title="bbox 202 1457 307 1511; baseline -0.019 -11"><span class='ocrx_word' id='word_1_5' title='bbox 202 1457 307 1511; x_wconf 71' lang='lat' dir='ltr'>binding.</span> 
     </span>
    </p>
   </div>
   <div class='ocr_carea' id='block_1_2' title="bbox 598 469 1370 558">
    <p class='ocr_par' dir='ltr' id='par_1_2' title="bbox 598 469 1370 558">
     <span class='ocr_line' id='line_1_4' title="bbox 598 469 1370 558; baseline -0.012 -14"><span class='ocrx_word' id='word_1_6' title='bbox 598 492 1128 545; x_wconf 76' lang='lat' dir='ltr'>Jouauuiswrcuesaauouuu</span> <span class='ocrx_word' id='word_1_7' title='bbox 1176 469 1370 558; x_wconf 76' lang='lat' dir='ltr'>[semona.</span> 
     </span>
    </p>
   </div>
   <div class='ocr_carea' id='block_1_3' title="bbox 371 651 1415 2121">
    <p class='ocr_par' dir='ltr' id='par_1_3' title="bbox 372 651 1395 1330">
     <span class='ocr_line' id='line_1_5' title="bbox 372 651 1368 730; baseline -0.004 -20"><span class='ocrx_word' id='word_1_8' title='bbox 372 653 460 710; x_wconf 87' lang='lat' dir='ltr'>alteri</span> <span class='ocrx_word' id='word_1_9' title='bbox 487 656 525 709; x_wconf 95' lang='lat' dir='ltr'>ad</span> <span class='ocrx_word' id='word_1_10' title='bbox 550 654 772 725; x_wconf 86' lang='lat' dir='ltr'>obedienciam,</span> <span class='ocrx_word' id='word_1_11' title='bbox 798 655 869 730; x_wconf 90' lang='lat' dir='ltr'>quia</span> <span class='ocrx_word' id='word_1_12' title='bbox 893 674 962 713; x_wconf 92' lang='lat' dir='ltr'>cum</span> <span class='ocrx_word' id='word_1_13' title='bbox 987 653 1113 729; x_wconf 88' lang='lat' dir='ltr'>quilibet</span> <span class='ocrx_word' id='word_1_14' title='bbox 1137 654 1224 709; x_wconf 88' lang='lat' dir='ltr'>debet</span> <span class='ocrx_word' id='word_1_15' title='bbox 1242 651 1368 709; x_wconf 91' lang='lat' dir='ltr'>obedire</span> 
     </span>
     <span class='ocr_line' id='line_1_6' title="bbox 373 739 1368 816; baseline -0.001 -20"><span class='ocrx_word' id='word_1_16' title='bbox 373 739 508 810; x_wconf 85' lang='lat' dir='ltr'>cuilibet,</span> <span class='ocrx_word' id='word_1_17' title='bbox 542 759 648 798; x_wconf 86' lang='lat' dir='ltr'>omnes</span> <span class='ocrx_word' id='word_1_18' title='bbox 690 742 836 816; x_wconf 87' lang='lat' dir='ltr'>prepositi</span> <span class='ocrx_word' id='word_1_19' title='bbox 868 742 929 799; x_wconf 90' lang='lat' dir='ltr'>suis</span> <span class='ocrx_word' id='word_1_20' title='bbox 967 740 1094 798; x_wconf 90' lang='lat' dir='ltr'>subditis</span> <span class='ocrx_word' id='word_1_21' title='bbox 1129 739 1171 796; x_wconf 90' lang='lat' dir='ltr'>sic</span> <span class='ocrx_word' id='word_1_22' title='bbox 1210 752 1368 808; x_wconf 89' lang='lat' dir='ltr'>voverent;</span> 
     </span>
     <span class='ocr_line' id='line_1_7' title="bbox 372 827 1367 904; baseline 0 -22"><span class='ocrx_word' id='word_1_23' title='bbox 372 846 477 900; x_wconf 89' lang='lat' dir='ltr'>ymmo</span> <span class='ocrx_word' id='word_1_24' title='bbox 502 845 571 883; x_wconf 92' lang='lat' dir='ltr'>cum</span> <span class='ocrx_word' id='word_1_25' title='bbox 596 828 743 903; x_wconf 87' lang='lat' dir='ltr'>prepositi</span> <span class='ocrx_word' id='word_1_26' title='bbox 767 843 836 885; x_wconf 91' lang='lat' dir='ltr'>sunt</span> <span class='ocrx_word' id='word_1_27' title='bbox 857 831 923 904; x_wconf 92' lang='lat' dir='ltr'>plus</span> <span class='ocrx_word' id='word_1_28' title='bbox 941 828 1037 902; x_wconf 88' lang='lat' dir='ltr'>ignari</span> <span class='ocrx_word' id='word_1_29' title='bbox 1053 827 1257 884; x_wconf 85' lang='lat' dir='ltr'>communiter</span> <span class='ocrx_word' id='word_1_30' title='bbox 1273 845 1367 900; x_wconf 90' lang='lat' dir='ltr'>quam</span> 
     </span>
     <span class='ocr_line' id='line_1_8' title="bbox 373 912 1368 990; baseline 0 -21"><span class='ocrx_word' id='word_1_31' title='bbox 373 913 419 970; x_wconf 90' lang='lat' dir='ltr'>sui</span> <span class='ocrx_word' id='word_1_32' title='bbox 447 928 590 972; x_wconf 83' lang='lat' dir='ltr'>voventes</span> <span class='ocrx_word' id='word_1_33' title='bbox 615 929 644 972; x_wconf 94' lang='lat' dir='ltr'>et</span> <span class='ocrx_word' id='word_1_34' title='bbox 667 935 685 972; x_wconf 90' lang='lat' dir='ltr'>a</span> <span class='ocrx_word' id='word_1_35' title='bbox 709 915 763 972; x_wconf 87' lang='lat' dir='ltr'>Dei</span> <span class='ocrx_word' id='word_1_36' title='bbox 795 916 972 973; x_wconf 85' lang='lat' dir='ltr'>obediencia</span> <span class='ocrx_word' id='word_1_37' title='bbox 999 914 1099 990; x_wconf 89' lang='lat' dir='ltr'>sepius</span> <span class='ocrx_word' id='word_1_38' title='bbox 1126 912 1278 984; x_wconf 88' lang='lat' dir='ltr'>tardativi,</span> <span class='ocrx_word' id='word_1_39' title='bbox 1308 932 1368 988; x_wconf 89' lang='lat' dir='ltr'>que</span> 
     </span>
     <span class='ocr_line' id='line_1_9' title="bbox 373 1000 1395 1077; baseline -0.002 -21"><span class='ocrx_word' id='word_1_40' title='bbox 373 1000 543 1075; x_wconf 87' lang='lat' dir='ltr'>prudencia</span> <span class='ocrx_word' id='word_1_41' title='bbox 575 1001 653 1059; x_wconf 91' lang='lat' dir='ltr'>foret</span> <span class='ocrx_word' id='word_1_42' title='bbox 686 1001 797 1059; x_wconf 91' lang='lat' dir='ltr'>talibus</span> <span class='ocrx_word' id='word_1_43' title='bbox 829 1003 927 1060; x_wconf 88' lang='lat' dir='ltr'>stultis</span> <span class='ocrx_word' id='word_1_44' title='bbox 966 1000 1127 1077; x_wconf 89' lang='lat' dir='ltr'>prepositis</span> <span class='ocrx_word' id='word_1_45' title='bbox 1165 1000 1208 1057; x_wconf 93' lang='lat' dir='ltr'>sic</span> <span class='ocrx_word' id='word_1_46' title='bbox 1240 1001 1395 1057; x_wconf 71' lang='lat' dir='ltr'>vovereli</span> 
     </span>
     <span class='ocr_line' id='line_1_10' title="bbox 373 1087 1368 1165; baseline -0.002 -20"><span class='ocrx_word' id='word_1_47' title='bbox 373 1087 493 1145; x_wconf 85' lang='lat' dir='ltr'>Sufficit</span> <span class='ocrx_word' id='word_1_48' title='bbox 518 1107 590 1162; x_wconf 85' lang='lat' dir='ltr'>ergo</span> <span class='ocrx_word' id='word_1_49' title='bbox 613 1108 721 1146; x_wconf 88' lang='lat' dir='ltr'>vovere</span> <span class='ocrx_word' id='word_1_50' title='bbox 745 1092 810 1146; x_wconf 93' lang='lat' dir='ltr'>Deo</span> <span class='ocrx_word' id='word_1_51' title='bbox 834 1089 885 1165; x_wconf 93' lang='lat' dir='ltr'>qui</span> <span class='ocrx_word' id='word_1_52' title='bbox 910 1090 997 1146; x_wconf 91' lang='lat' dir='ltr'>debet</span> <span class='ocrx_word' id='word_1_53' title='bbox 1021 1107 1084 1145; x_wconf 88' lang='lat' dir='ltr'>esse</span> <span class='ocrx_word' id='word_1_54' title='bbox 1108 1087 1214 1144; x_wconf 90' lang='lat' dir='ltr'>unicus</span> <span class='ocrx_word' id='word_1_55' title='bbox 1238 1106 1368 1162; x_wconf 89' lang='lat' dir='ltr'>sponsus</span> 
     </span>
     <span class='ocr_line' id='line_1_11' title="bbox 373 1174 1368 1251; baseline -0.001 -19"><span class='ocrx_word' id='word_1_56' title='bbox 373 1174 468 1232; x_wconf 88' lang='lat' dir='ltr'>animi</span> <span class='ocrx_word' id='word_1_57' title='bbox 493 1176 631 1246; x_wconf 90' lang='lat' dir='ltr'>humani,</span> <span class='ocrx_word' id='word_1_58' title='bbox 655 1190 684 1233; x_wconf 88' lang='lat' dir='ltr'>et</span> <span class='ocrx_word' id='word_1_59' title='bbox 708 1176 732 1233; x_wconf 91' lang='lat' dir='ltr'>si</span> <span class='ocrx_word' id='word_1_60' title='bbox 750 1175 816 1251; x_wconf 92' lang='lat' dir='ltr'>quis</span> <span class='ocrx_word' id='word_1_61' title='bbox 840 1195 901 1232; x_wconf 88' lang='lat' dir='ltr'>uon</span> <span class='ocrx_word' id='word_1_62' title='bbox 925 1175 1014 1232; x_wconf 88' lang='lat' dir='ltr'>fuerit</span> <span class='ocrx_word' id='word_1_63' title='bbox 1038 1193 1106 1231; x_wconf 93' lang='lat' dir='ltr'>cum</span> <span class='ocrx_word' id='word_1_64' title='bbox 1128 1188 1200 1231; x_wconf 92' lang='lat' dir='ltr'>voto</span> <span class='ocrx_word' id='word_1_65' title='bbox 1225 1188 1368 1232; x_wconf 84' lang='lat' dir='ltr'>extraneo</span> 
     </span>
     <span class='ocr_line' id='line_1_12' title="bbox 373 1261 769 1330; baseline 0.005 -12"><span class='ocrx_word' id='word_1_66' title='bbox 373 1261 556 1319; x_wconf 89' lang='lat' dir='ltr'>infundabili</span> <span class='ocrx_word' id='word_1_67' title='bbox 581 1264 769 1330; x_wconf 87' lang='lat' dir='ltr'>cathenatus.</span> 
     </span>
    </p>

    <p class='ocr_par' dir='ltr' id='par_1_4' title="bbox 371 1347 1415 2121">
     <span class='ocr_line' id='line_1_13' title="bbox 417 1347 1368 1426; baseline -0.002 -20"><span class='ocrx_word' id='word_1_68' title='bbox 417 1352 479 1406; x_wconf 85' lang='lat' dir='ltr'>Nec</span> <span class='ocrx_word' id='word_1_69' title='bbox 508 1364 630 1407; x_wconf 85' lang='lat' dir='ltr'>moveat</span> <span class='ocrx_word' id='word_1_70' title='bbox 658 1352 740 1426; x_wconf 92' lang='lat' dir='ltr'>quod</span> <span class='ocrx_word' id='word_1_71' title='bbox 769 1349 855 1407; x_wconf 91' lang='lat' dir='ltr'>multi</span> <span class='ocrx_word' id='word_1_72' title='bbox 884 1349 944 1407; x_wconf 93' lang='lat' dir='ltr'>iam</span> <span class='ocrx_word' id='word_1_73' title='bbox 973 1349 1069 1406; x_wconf 89' lang='lat' dir='ltr'>sancti</span> <span class='ocrx_word' id='word_1_74' title='bbox 1098 1349 1129 1406; x_wconf 90' lang='lat' dir='ltr'>in</span> <span class='ocrx_word' id='word_1_75' title='bbox 1164 1350 1229 1406; x_wconf 92' lang='lat' dir='ltr'>celo</span> <span class='ocrx_word' id='word_1_76' title='bbox 1258 1347 1368 1405; x_wconf 90' lang='lat' dir='ltr'>famosi</span> 
     </span>
     <span class='ocr_line' id='line_1_14' title="bbox 373 1434 1415 1514; baseline -0.005 -23"><span class='ocrx_word' id='word_1_77' title='bbox 373 1436 403 1492; x_wconf 91' lang='lat' dir='ltr'>in</span> <span class='ocrx_word' id='word_1_78' title='bbox 432 1437 535 1494; x_wconf 90' lang='lat' dir='ltr'>seculo</span> <span class='ocrx_word' id='word_1_79' title='bbox 564 1436 607 1494; x_wconf 92' lang='lat' dir='ltr'>sic</span> <span class='ocrx_word' id='word_1_80' title='bbox 630 1450 786 1508; x_wconf 84' lang='lat' dir='ltr'>voverunt,</span> <span class='ocrx_word' id='word_1_81' title='bbox 811 1437 882 1514; x_wconf 91' lang='lat' dir='ltr'>quia</span> <span class='ocrx_word' id='word_1_82' title='bbox 910 1436 996 1494; x_wconf 89' lang='lat' dir='ltr'>multi</span> <span class='ocrx_word' id='word_1_83' title='bbox 1020 1449 1083 1494; x_wconf 89' lang='lat' dir='ltr'>tam</span> <span class='ocrx_word' id='word_1_84' title='bbox 1114 1435 1194 1494; x_wconf 89' lang='lat' dir='ltr'>beati</span> <span class='ocrx_word' id='word_1_85' title='bbox 1218 1455 1310 1510; x_wconf 89' lang='lat' dir='ltr'>quam</span> <span class='ocrx_word' id='word_1_86' title='bbox 1336 1434 1368 1491; x_wconf 92' lang='lat' dir='ltr'>in</span> <span class='ocrx_word' id='word_1_87' title='bbox 1384 1454 1415 1486; x_wconf 86' lang='grc' dir='ltr'>ιο</span> 
     </span>
     <span class='ocr_line' id='line_1_15' title="bbox 372 1523 1367 1599; baseline -0.001 -20"><span class='ocrx_word' id='word_1_88' title='bbox 372 1523 476 1579; x_wconf 91' lang='lat' dir='ltr'>seculo</span> <span class='ocrx_word' id='word_1_89' title='bbox 505 1523 616 1581; x_wconf 87' lang='lat' dir='ltr'>famosi</span> <span class='ocrx_word' id='word_1_90' title='bbox 649 1524 680 1582; x_wconf 95' lang='lat' dir='ltr'>in</span> <span class='ocrx_word' id='word_1_91' title='bbox 714 1525 772 1581; x_wconf 93' lang='lat' dir='ltr'>hoc</span> <span class='ocrx_word' id='word_1_92' title='bbox 801 1539 829 1581; x_wconf 91' lang='lat' dir='ltr'>et</span> <span class='ocrx_word' id='word_1_93' title='bbox 857 1524 980 1582; x_wconf 87' lang='lat' dir='ltr'>aliunde</span> <span class='ocrx_word' id='word_1_94' title='bbox 1007 1523 1126 1598; x_wconf 85' lang='lat' dir='ltr'>gravius</span> <span class='ocrx_word' id='word_1_95' title='bbox 1154 1536 1367 1599; x_wconf 87' lang='lat' dir='ltr'>peccaverunt.</span> 
     </span>
     <span class='ocr_line' id='line_1_16' title="bbox 373 1609 1368 1683; baseline -0.001 -17"><span class='ocrx_word' id='word_1_96' title='bbox 373 1611 443 1666; x_wconf 93' lang='lat' dir='ltr'>ldeo</span> <span class='ocrx_word' id='word_1_97' title='bbox 472 1609 551 1666; x_wconf 90' lang='lat' dir='ltr'>sicut</span> <span class='ocrx_word' id='word_1_98' title='bbox 575 1625 658 1668; x_wconf 91' lang='lat' dir='ltr'>secta</span> <span class='ocrx_word' id='word_1_99' title='bbox 682 1611 809 1668; x_wconf 87' lang='lat' dir='ltr'>fratrum</span> <span class='ocrx_word' id='word_1_100' title='bbox 834 1625 886 1669; x_wconf 91' lang='lat' dir='ltr'>aut</span> <span class='ocrx_word' id='word_1_101' title='bbox 915 1630 1020 1668; x_wconf 90' lang='lat' dir='ltr'>eorum</span> <span class='ocrx_word' id='word_1_102' title='bbox 1046 1623 1238 1667; x_wconf 90' lang='lat' dir='ltr'>monstruosa</span> <span class='ocrx_word' id='word_1_103' title='bbox 1262 1610 1368 1683; x_wconf 84' lang='lat' dir='ltr'>regula</span> 
     </span>
     <span class='ocr_line' id='line_1_17' title="bbox 371 1696 1367 1773; baseline -0.001 -20"><span class='ocrx_word' id='word_1_104' title='bbox 371 1715 434 1754; x_wconf 91' lang='lat' dir='ltr'>non</span> <span class='ocrx_word' id='word_1_105' title='bbox 458 1698 550 1753; x_wconf 89' lang='lat' dir='ltr'>habet</span> <span class='ocrx_word' id='word_1_106' title='bbox 574 1698 822 1773; x_wconf 85' lang='lat' dir='ltr'>probabilitatem</span> <span class='ocrx_word' id='word_1_107' title='bbox 846 1699 893 1756; x_wconf 89' lang='lat' dir='ltr'>vel</span> <span class='ocrx_word' id='word_1_108' title='bbox 909 1696 1122 1756; x_wconf 92' lang='lat' dir='ltr'>fundacionem</span> <span class='ocrx_word' id='word_1_109' title='bbox 1147 1716 1180 1755; x_wconf 82' lang='lat' dir='ltr'>ex</span> <span class='ocrx_word' id='word_1_110' title='bbox 1204 1696 1367 1772; x_wconf 89' lang='lat' dir='ltr'>scriptura,</span> 
     </span>
     <span class='ocr_line' id='line_1_18' title="bbox 372 1782 1368 1860; baseline -0.001 -20"><span class='ocrx_word' id='word_1_111' title='bbox 372 1802 442 1840; x_wconf 91' lang='lat' dir='ltr'>cum</span> <span class='ocrx_word' id='word_1_112' title='bbox 465 1782 553 1840; x_wconf 88' lang='lat' dir='ltr'>aliter</span> <span class='ocrx_word' id='word_1_113' title='bbox 574 1786 749 1843; x_wconf 87' lang='lat' dir='ltr'>laborarent</span> <span class='ocrx_word' id='word_1_114' title='bbox 770 1785 921 1860; x_wconf 87' lang='lat' dir='ltr'>superflue</span> <span class='ocrx_word' id='word_1_115' title='bbox 942 1788 980 1842; x_wconf 90' lang='lat' dir='ltr'>ad</span> <span class='ocrx_word' id='word_1_116' title='bbox 997 1803 1108 1860; x_wconf 89' lang='lat' dir='ltr'>papam</span> <span class='ocrx_word' id='word_1_117' title='bbox 1125 1804 1181 1859; x_wconf 90' lang='lat' dir='ltr'>pro</span> <span class='ocrx_word' id='word_1_118' title='bbox 1201 1783 1263 1841; x_wconf 90' lang='lat' dir='ltr'>suis</span> <span class='ocrx_word' id='word_1_119' title='bbox 1284 1783 1368 1840; x_wconf 93' lang='lat' dir='ltr'>ordi-</span> 
     </span>
     <span class='ocr_line' id='line_1_19' title="bbox 372 1868 1413 1946; baseline -0.002 -20"><span class='ocrx_word' id='word_1_120' title='bbox 372 1869 462 1927; x_wconf 89' lang='lat' dir='ltr'>nibus</span> <span class='ocrx_word' id='word_1_121' title='bbox 491 1868 720 1943; x_wconf 88' lang='lat' dir='ltr'>confirmandis,</span> <span class='ocrx_word' id='word_1_122' title='bbox 745 1872 788 1930; x_wconf 90' lang='lat' dir='ltr'>sic</span> <span class='ocrx_word' id='word_1_123' title='bbox 816 1872 912 1930; x_wconf 89' lang='lat' dir='ltr'>eciam</span> <span class='ocrx_word' id='word_1_124' title='bbox 941 1871 1090 1946; x_wconf 87' lang='lat' dir='ltr'>obligacio</span> <span class='ocrx_word' id='word_1_125' title='bbox 1115 1885 1143 1928; x_wconf 90' lang='lat' dir='ltr'>et</span> <span class='ocrx_word' id='word_1_126' title='bbox 1166 1885 1270 1928; x_wconf 90' lang='lat' dir='ltr'>votum</span> <span class='ocrx_word' id='word_1_127' title='bbox 1296 1872 1413 1928; x_wconf 72' lang='lat' dir='ltr'>cumrb</span> 
     </span>
     <span class='ocr_line' id='line_1_20' title="bbox 373 1957 1367 2034; baseline 0.001 -21"><span class='ocrx_word' id='word_1_128' title='bbox 373 1957 477 2013; x_wconf 89' lang='lat' dir='ltr'>multis</span> <span class='ocrx_word' id='word_1_129' title='bbox 512 1957 579 2015; x_wconf 91' lang='lat' dir='ltr'>aliis</span> <span class='ocrx_word' id='word_1_130' title='bbox 613 1959 793 2016; x_wconf 89' lang='lat' dir='ltr'>ceremoniis</span> <span class='ocrx_word' id='word_1_131' title='bbox 823 1959 931 2034; x_wconf 91' lang='lat' dir='ltr'>quibus</span> <span class='ocrx_word' id='word_1_132' title='bbox 965 1957 1143 2016; x_wconf 89' lang='lat' dir='ltr'>obnubilant</span> <span class='ocrx_word' id='word_1_133' title='bbox 1171 1958 1367 2015; x_wconf 90' lang='lat' dir='ltr'>fratrifactos.</span> 
     </span>
     <span class='ocr_line' id='line_1_21' title="bbox 373 2043 1366 2121; baseline 0 -20"><span class='ocrx_word' id='word_1_134' title='bbox 373 2045 432 2101; x_wconf 87' lang='lat' dir='ltr'>Sed</span> <span class='ocrx_word' id='word_1_135' title='bbox 461 2043 539 2101; x_wconf 90' lang='lat' dir='ltr'>sicut</span> <span class='ocrx_word' id='word_1_136' title='bbox 563 2045 660 2120; x_wconf 91' lang='lat' dir='ltr'>peiori</span> <span class='ocrx_word' id='word_1_137' title='bbox 685 2065 776 2121; x_wconf 91' lang='lat' dir='ltr'>quam</span> <span class='ocrx_word' id='word_1_138' title='bbox 800 2045 911 2103; x_wconf 88' lang='lat' dir='ltr'>simiali</span> <span class='ocrx_word' id='word_1_139' title='bbox 939 2045 1061 2120; x_wconf 82' lang='lat' dir='ltr'>argucia</span> <span class='ocrx_word' id='word_1_140' title='bbox 1085 2058 1215 2119; x_wconf 84' lang='lat' dir='ltr'>arguunt</span> <span class='ocrx_word' id='word_1_141' title='bbox 1239 2043 1366 2119; x_wconf 90' lang='lat' dir='ltr'>quidam</span> 
     </span>
    </p>
   </div>
   <div class='ocr_carea' id='block_1_4' title="bbox 152 2130 1367 2206">
    <p class='ocr_par' dir='ltr' id='par_1_5' title="bbox 152 2130 1367 2206">
     <span class='ocr_line' id='line_1_22' title="bbox 152 2130 1367 2206; baseline -0.002 -18"><span class='ocrx_word' id='word_1_142' title='bbox 152 2151 353 2195; x_wconf 63' lang='lat' dir='ltr'>Leve-nasorum</span> <span class='ocrx_word' id='word_1_143' title='bbox 373 2131 481 2188; x_wconf 86' lang='lat' dir='ltr'>fratres</span> <span class='ocrx_word' id='word_1_144' title='bbox 510 2134 592 2206; x_wconf 91' lang='lat' dir='ltr'>quod</span> <span class='ocrx_word' id='word_1_145' title='bbox 626 2146 708 2190; x_wconf 90' lang='lat' dir='ltr'>secta</span> <span class='ocrx_word' id='word_1_146' title='bbox 742 2151 847 2190; x_wconf 88' lang='lat' dir='ltr'>eorum</span> <span class='ocrx_word' id='word_1_147' title='bbox 877 2133 932 2190; x_wconf 89' lang='lat' dir='ltr'>fuit</span> <span class='ocrx_word' id='word_1_148' title='bbox 961 2146 1029 2190; x_wconf 91' lang='lat' dir='ltr'>ante</span> <span class='ocrx_word' id='word_1_149' title='bbox 1058 2132 1304 2189; x_wconf 89' lang='lat' dir='ltr'>incarnacionem</span> <span class='ocrx_word' id='word_1_150' title='bbox 1334 2130 1367 2187; x_wconf 94' lang='lat' dir='ltr'>in</span> 
     </span>
    </p>
   </div>
   <div class='ocr_carea' id='block_1_5' title="bbox 215 2203 325 2247">
    <p class='ocr_par' dir='ltr' id='par_1_6' title="bbox 215 2203 325 2247">
     <span class='ocr_line' id='line_1_23' title="bbox 215 2203 325 2247; baseline -0.009 -1"><span class='ocrx_word' id='word_1_151' title='bbox 215 2203 325 2247; x_wconf 85' lang='lat' dir='ltr'>rmelites.</span> 
     </span>
    </p>
   </div>
   <div class='ocr_carea' id='block_1_6' title="bbox 372 2213 1413 3247">
    <p class='ocr_par' dir='ltr' id='par_1_7' title="bbox 372 2213 1413 3247">
     <span class='ocr_line' id='line_1_24' title="bbox 373 2213 1366 2295; baseline 0.001 -22"><span class='ocrx_word' id='word_1_152' title='bbox 373 2213 478 2275; x_wconf 82' lang='lat' dir='ltr'>monte</span> <span class='ocrx_word' id='word_1_153' title='bbox 511 2219 655 2289; x_wconf 89' lang='lat' dir='ltr'>Carmeli,</span> <span class='ocrx_word' id='word_1_154' title='bbox 688 2219 760 2294; x_wconf 92' lang='lat' dir='ltr'>quia</span> <span class='ocrx_word' id='word_1_155' title='bbox 784 2219 886 2277; x_wconf 86' lang='lat' dir='ltr'>Helias</span> <span class='ocrx_word' id='word_1_156' title='bbox 919 2219 1027 2295; x_wconf 84' lang='lat' dir='ltr'>legitur</span> <span class='ocrx_word' id='word_1_157' title='bbox 1059 2219 1099 2275; x_wconf 93' lang='lat' dir='ltr'>ibi</span> <span class='ocrx_word' id='word_1_158' title='bbox 1133 2219 1252 2295; x_wconf 91' lang='lat' dir='ltr'>aliquos</span> <span class='ocrx_word' id='word_1_159' title='bbox 1286 2217 1366 2275; x_wconf 88' lang='lat' dir='ltr'>filios</span> 
     </span>
     <span class='ocr_line' id='line_1_25' title="bbox 373 2304 1413 2381; baseline -0.003 -21"><span class='ocrx_word' id='word_1_160' title='bbox 373 2304 558 2362; x_wconf 88' lang='lat' dir='ltr'>imitacionis</span> <span class='ocrx_word' id='word_1_161' title='bbox 583 2305 734 2376; x_wconf 91' lang='lat' dir='ltr'>habuisse,</span> <span class='ocrx_word' id='word_1_162' title='bbox 751 2307 794 2363; x_wconf 90' lang='lat' dir='ltr'>sic</span> <span class='ocrx_word' id='word_1_163' title='bbox 818 2321 947 2380; x_wconf 84' lang='lat' dir='ltr'>arguunt</span> <span class='ocrx_word' id='word_1_164' title='bbox 971 2306 1118 2364; x_wconf 86' lang='lat' dir='ltr'>conformi</span> <span class='ocrx_word' id='word_1_165' title='bbox 1143 2306 1265 2380; x_wconf 82' lang='lat' dir='ltr'>argucia</span> <span class='ocrx_word' id='word_1_166' title='bbox 1283 2306 1366 2381; x_wconf 91' lang='lat' dir='ltr'>quod</span> <span class='ocrx_word' id='word_1_167' title='bbox 1380 2323 1413 2358; x_wconf 87' lang='lat'>20</span> 
     </span>
     <span class='ocr_line' id='line_1_26' title="bbox 372 2391 1366 2468; baseline 0 -20"><span class='ocrx_word' id='word_1_168' title='bbox 372 2405 442 2448; x_wconf 90' lang='lat' dir='ltr'>sunt</span> <span class='ocrx_word' id='word_1_169' title='bbox 465 2391 573 2448; x_wconf 88' lang='lat' dir='ltr'>fratres</span> <span class='ocrx_word' id='word_1_170' title='bbox 598 2395 685 2450; x_wconf 91' lang='lat' dir='ltr'>beate</span> <span class='ocrx_word' id='word_1_171' title='bbox 708 2393 841 2466; x_wconf 88' lang='lat' dir='ltr'>virginis,</span> <span class='ocrx_word' id='word_1_172' title='bbox 866 2393 936 2468; x_wconf 89' lang='lat' dir='ltr'>quia</span> <span class='ocrx_word' id='word_1_173' title='bbox 960 2393 1125 2450; x_wconf 89' lang='lat' dir='ltr'>induuntur</span> <span class='ocrx_word' id='word_1_174' title='bbox 1148 2392 1225 2449; x_wconf 93' lang='lat' dir='ltr'>albis</span> <span class='ocrx_word' id='word_1_175' title='bbox 1249 2391 1366 2467; x_wconf 88' lang='lat' dir='ltr'>cappis,</span> 
     </span>
     <span class='ocr_line' id='line_1_27' title="bbox 373 2479 1367 2555; baseline 0.001 -20"><span class='ocrx_word' id='word_1_176' title='bbox 373 2492 401 2535; x_wconf 91' lang='lat' dir='ltr'>et</span> <span class='ocrx_word' id='word_1_177' title='bbox 418 2479 528 2535; x_wconf 91' lang='lat' dir='ltr'>albedo</span> <span class='ocrx_word' id='word_1_178' title='bbox 550 2479 648 2552; x_wconf 84' lang='lat' dir='ltr'>signat</span> <span class='ocrx_word' id='word_1_179' title='bbox 671 2480 779 2537; x_wconf 91' lang='lat' dir='ltr'>mentis</span> <span class='ocrx_word' id='word_1_180' title='bbox 801 2480 997 2552; x_wconf 88' lang='lat' dir='ltr'>mundiciam,</span> <span class='ocrx_word' id='word_1_181' title='bbox 1015 2499 1073 2555; x_wconf 92' lang='lat' dir='ltr'>que</span> <span class='ocrx_word' id='word_1_182' title='bbox 1095 2480 1125 2537; x_wconf 91' lang='lat' dir='ltr'>in</span> <span class='ocrx_word' id='word_1_183' title='bbox 1146 2482 1234 2536; x_wconf 85' lang='lat' dir='ltr'>beata</span> <span class='ocrx_word' id='word_1_184' title='bbox 1250 2479 1367 2552; x_wconf 84' lang='lat' dir='ltr'>virgine</span> 
     </span>
     <span class='ocr_line' id='line_1_28' title="bbox 373 2564 1367 2639; baseline 0.001 -19"><span class='ocrx_word' id='word_1_185' title='bbox 373 2564 485 2621; x_wconf 90' lang='lat' dir='ltr'>dicitur</span> <span class='ocrx_word' id='word_1_186' title='bbox 506 2565 689 2639; x_wconf 88' lang='lat' dir='ltr'>precellisse.</span> <span class='ocrx_word' id='word_1_187' title='bbox 711 2570 748 2623; x_wconf 90' lang='lat' dir='ltr'>Et</span> <span class='ocrx_word' id='word_1_188' title='bbox 769 2567 812 2624; x_wconf 90' lang='lat' dir='ltr'>sic</span> <span class='ocrx_word' id='word_1_189' title='bbox 833 2567 864 2624; x_wconf 94' lang='lat' dir='ltr'>in</span> <span class='ocrx_word' id='word_1_190' title='bbox 886 2569 993 2624; x_wconf 92' lang='lat' dir='ltr'>baculo</span> <span class='ocrx_word' id='word_1_191' title='bbox 1015 2566 1182 2624; x_wconf 89' lang='lat' dir='ltr'>arundineo</span> <span class='ocrx_word' id='word_1_192' title='bbox 1207 2565 1367 2623; x_wconf 89' lang='lat' dir='ltr'>stabiliunt</span> 
     </span>
     <span class='ocr_line' id='line_1_29' title="bbox 373 2652 1366 2729; baseline 0.002 -22"><span class='ocrx_word' id='word_1_193' title='bbox 373 2653 455 2728; x_wconf 91' lang='lat' dir='ltr'>quod</span> <span class='ocrx_word' id='word_1_194' title='bbox 474 2652 596 2709; x_wconf 88' lang='lat' dir='ltr'>Christo</span> <span class='ocrx_word' id='word_1_195' title='bbox 618 2654 661 2710; x_wconf 89' lang='lat' dir='ltr'>sic</span> <span class='ocrx_word' id='word_1_196' title='bbox 677 2667 823 2711; x_wconf 86' lang='lat' dir='ltr'>voverunt</span> <span class='ocrx_word' id='word_1_197' title='bbox 840 2655 970 2729; x_wconf 90' lang='lat' dir='ltr'>apostoli</span> <span class='ocrx_word' id='word_1_198' title='bbox 985 2654 1031 2710; x_wconf 87' lang='lat' dir='ltr'>vel</span> <span class='ocrx_word' id='word_1_199' title='bbox 1048 2655 1141 2727; x_wconf 86' lang='lat' dir='ltr'>Helye</span> <span class='ocrx_word' id='word_1_200' title='bbox 1158 2667 1209 2710; x_wconf 92' lang='lat' dir='ltr'>aut</span> <span class='ocrx_word' id='word_1_201' title='bbox 1229 2652 1366 2710; x_wconf 90' lang='lat' dir='ltr'>Samueli</span> 
     </span>
     <span class='ocr_line' id='line_1_30' title="bbox 372 2737 1411 2816; baseline 0.002 -22"><span class='ocrx_word' id='word_1_202' title='bbox 372 2737 419 2794; x_wconf 88' lang='lat' dir='ltr'>sui</span> <span class='ocrx_word' id='word_1_203' title='bbox 437 2738 588 2814; x_wconf 90' lang='lat' dir='ltr'>discipuli.</span> <span class='ocrx_word' id='word_1_204' title='bbox 613 2743 650 2796; x_wconf 88' lang='lat' dir='ltr'>Et</span> <span class='ocrx_word' id='word_1_205' title='bbox 668 2754 814 2816; x_wconf 90' lang='lat' dir='ltr'>quantum</span> <span class='ocrx_word' id='word_1_206' title='bbox 832 2743 869 2798; x_wconf 92' lang='lat' dir='ltr'>ad</span> <span class='ocrx_word' id='word_1_207' title='bbox 887 2741 1058 2816; x_wconf 89' lang='lat' dir='ltr'>sompniata</span> <span class='ocrx_word' id='word_1_208' title='bbox 1075 2741 1222 2798; x_wconf 87' lang='lat' dir='ltr'>miracula</span> <span class='ocrx_word' id='word_1_209' title='bbox 1238 2753 1367 2815; x_wconf 90' lang='lat' dir='ltr'>propter</span> <span class='ocrx_word' id='word_1_210' title='bbox 1379 2745 1411 2796; x_wconf 86' lang='lat'>25</span> 
     </span>
     <span class='ocr_line' id='line_1_31' title="bbox 373 2826 1365 2885; baseline 0.002 -4"><span class='ocrx_word' id='word_1_211' title='bbox 373 2844 479 2882; x_wconf 92' lang='lat' dir='ltr'>eorum</span> <span class='ocrx_word' id='word_1_212' title='bbox 512 2826 789 2884; x_wconf 90' lang='lat' dir='ltr'>infundabilitatem</span> <span class='ocrx_word' id='word_1_213' title='bbox 822 2827 992 2885; x_wconf 90' lang='lat' dir='ltr'>instabilem</span> <span class='ocrx_word' id='word_1_214' title='bbox 1025 2827 1100 2885; x_wconf 92' lang='lat' dir='ltr'>nulli</span> <span class='ocrx_word' id='word_1_215' title='bbox 1133 2827 1284 2884; x_wconf 92' lang='lat' dir='ltr'>catholico</span> <span class='ocrx_word' id='word_1_216' title='bbox 1319 2840 1365 2884; x_wconf 91' lang='lat' dir='ltr'>est</span> 
     </span>
     <span class='ocr_line' id='line_1_32' title="bbox 373 2914 1365 2988; baseline 0.003 -21"><span class='ocrx_word' id='word_1_217' title='bbox 373 2914 555 2983; x_wconf 90' lang='lat' dir='ltr'>curandum,</span> <span class='ocrx_word' id='word_1_218' title='bbox 571 2933 676 2986; x_wconf 88' lang='lat' dir='ltr'>ymmo</span> <span class='ocrx_word' id='word_1_219' title='bbox 697 2933 751 2988; x_wconf 92' lang='lat' dir='ltr'>per</span> <span class='ocrx_word' id='word_1_220' title='bbox 771 2916 871 2971; x_wconf 89' lang='lat' dir='ltr'>locum</span> <span class='ocrx_word' id='word_1_221' title='bbox 892 2935 910 2971; x_wconf 91' lang='lat' dir='ltr'>a</span> <span class='ocrx_word' id='word_1_222' title='bbox 931 2914 1040 2972; x_wconf 91' lang='lat' dir='ltr'>maiori</span> <span class='ocrx_word' id='word_1_223' title='bbox 1060 2914 1259 2971; x_wconf 90' lang='lat' dir='ltr'>similitudine</span> <span class='ocrx_word' id='word_1_224' title='bbox 1281 2915 1365 2988; x_wconf 91' lang='lat' dir='ltr'>quod</span> 
     </span>
     <span class='ocr_line' id='line_1_33' title="bbox 372 2998 1367 3076; baseline 0.004 -22"><span class='ocrx_word' id='word_1_225' title='bbox 372 2998 481 3055; x_wconf 89' lang='lat' dir='ltr'>fratres</span> <span class='ocrx_word' id='word_1_226' title='bbox 509 2999 588 3074; x_wconf 83' lang='lat' dir='ltr'>nigri</span> <span class='ocrx_word' id='word_1_227' title='bbox 618 3012 646 3056; x_wconf 85' lang='lat' dir='ltr'>et</span> <span class='ocrx_word' id='word_1_228' title='bbox 671 3001 701 3057; x_wconf 94' lang='lat' dir='ltr'>in</span> <span class='ocrx_word' id='word_1_229' title='bbox 724 3003 879 3076; x_wconf 92' lang='lat' dir='ltr'>sculptura</span> <span class='ocrx_word' id='word_1_230' title='bbox 902 3002 1028 3059; x_wconf 89' lang='lat' dir='ltr'>vestium</span> <span class='ocrx_word' id='word_1_231' title='bbox 1053 3000 1214 3058; x_wconf 89' lang='lat' dir='ltr'>deformati</span> <span class='ocrx_word' id='word_1_232' title='bbox 1239 3014 1309 3058; x_wconf 91' lang='lat' dir='ltr'>sunt</span> <span class='ocrx_word' id='word_1_233' title='bbox 1334 3001 1367 3058; x_wconf 90' lang='lat' dir='ltr'>in</span> 
     </span>
     <span class='ocr_line' id='line_1_34' title="bbox 373 3087 1366 3163; baseline 0.003 -21"><span class='ocrx_word' id='word_1_234' title='bbox 373 3098 539 3158; x_wconf 85' lang='lat' dir='ltr'>patronatu</span> <span class='ocrx_word' id='word_1_235' title='bbox 556 3088 678 3160; x_wconf 90' lang='lat' dir='ltr'>dyaboli</span> <span class='ocrx_word' id='word_1_236' title='bbox 695 3088 829 3160; x_wconf 89' lang='lat' dir='ltr'>stabiliti,</span> <span class='ocrx_word' id='word_1_237' title='bbox 847 3087 918 3163; x_wconf 92' lang='lat' dir='ltr'>quia</span> <span class='ocrx_word' id='word_1_238' title='bbox 934 3089 1006 3146; x_wconf 89' lang='lat' dir='ltr'>talia</span> <span class='ocrx_word' id='word_1_239' title='bbox 1027 3088 1201 3146; x_wconf 87' lang='lat' dir='ltr'>accidencia</span> <span class='ocrx_word' id='word_1_240' title='bbox 1217 3089 1366 3162; x_wconf 91' lang='lat' dir='ltr'>dyabolos</span> 
     </span>
     <span class='ocr_line' id='line_1_35' title="bbox 374 3172 1411 3247; baseline 0.001 -19"><span class='ocrx_word' id='word_1_241' title='bbox 374 3172 456 3245; x_wconf 89' lang='lat' dir='ltr'>ipsos</span> <span class='ocrx_word' id='word_1_242' title='bbox 480 3172 610 3247; x_wconf 76' lang='lat' dir='ltr'>signant,</span> <span class='ocrx_word' id='word_1_243' title='bbox 1378 3181 1411 3231; x_wconf 81' lang='lat'>30</span> 
     </span>
    </p>
   </div>
   <div class='ocr_carea' id='block_1_7' title="bbox 152 3259 1367 3339">
    <p class='ocr_par' dir='ltr' id='par_1_8' title="bbox 152 3259 1367 3339">
     <span class='ocr_line' id='line_1_36' title="bbox 152 3259 1367 3339; baseline 0.006 -27"><span class='ocrx_word' id='word_1_244' title='bbox 152 3264 303 3321; x_wconf 74' lang='lat' dir='ltr'>Fottyoiap</span> <span class='ocrx_word' id='word_1_245' title='bbox 322 3265 356 3307; x_wconf 80' lang='lat' dir='ltr'>eat</span> <span class='ocrx_word' id='word_1_246' title='bbox 416 3262 453 3315; x_wconf 81' lang='lat' dir='ltr'>Et</span> <span class='ocrx_word' id='word_1_247' title='bbox 483 3259 507 3316; x_wconf 93' lang='lat' dir='ltr'>si</span> <span class='ocrx_word' id='word_1_248' title='bbox 537 3259 675 3334; x_wconf 86' lang='lat' dir='ltr'>signatur</span> <span class='ocrx_word' id='word_1_249' title='bbox 698 3263 780 3336; x_wconf 90' lang='lat' dir='ltr'>quod</span> <span class='ocrx_word' id='word_1_250' title='bbox 810 3263 904 3319; x_wconf 88' lang='lat' dir='ltr'>multa</span> <span class='ocrx_word' id='word_1_251' title='bbox 928 3262 997 3319; x_wconf 88' lang='lat' dir='ltr'>fecit</span> <span class='ocrx_word' id='word_1_252' title='bbox 1019 3265 1103 3319; x_wconf 88' lang='lat' dir='ltr'>lesus</span> <span class='ocrx_word' id='word_1_253' title='bbox 1127 3280 1185 3339; x_wconf 91' lang='lat' dir='ltr'>que</span> <span class='ocrx_word' id='word_1_254' title='bbox 1209 3281 1271 3319; x_wconf 90' lang='lat' dir='ltr'>non</span> <span class='ocrx_word' id='word_1_255' title='bbox 1295 3276 1367 3320; x_wconf 91' lang='lat' dir='ltr'>sunt</span> 
     </span>
    </p>
   </div>
   <div class='ocr_carea' id='block_1_8' title="bbox 161 3277 346 3360">
    <p class='ocr_par' dir='ltr' id='par_1_9' title="bbox 161 3277 346 3360">
     <span class='ocr_line' id='line_1_37' title="bbox 161 3277 346 3360; baseline 0 -1"><span class='ocrx_word' id='word_1_256' title='bbox 161 3325 185 3360; x_wconf 93' lang='lat' dir='ltr'>to</span> <span class='ocrx_word' id='word_1_257' title='bbox 200 3277 346 3360; x_wconf 71' lang='lat' dir='ltr'>unrecoried</span> 
     </span>
    </p>
   </div>
   <div class='ocr_carea' id='block_1_9' title="bbox 160 3345 1366 3424">
    <p class='ocr_par' dir='ltr' id='par_1_10' title="bbox 160 3345 1366 3424">
     <span class='ocr_line' id='line_1_38' title="bbox 160 3345 1366 3424; baseline 0.004 -22"><span class='ocrx_word' id='word_1_258' title='bbox 160 3368 350 3413; x_wconf 77' lang='lat' dir='ltr'>actsofctnisr.</span> <span class='ocrx_word' id='word_1_259' title='bbox 372 3345 486 3421; x_wconf 90' lang='lat' dir='ltr'>scripta</span> <span class='ocrx_word' id='word_1_260' title='bbox 517 3346 547 3404; x_wconf 93' lang='lat' dir='ltr'>in</span> <span class='ocrx_word' id='word_1_261' title='bbox 576 3349 633 3404; x_wconf 92' lang='lat' dir='ltr'>hoc</span> <span class='ocrx_word' id='word_1_262' title='bbox 663 3348 818 3422; x_wconf 83' lang='lat' dir='ltr'>evangelio</span> <span class='ocrx_word' id='word_1_263' title='bbox 844 3351 888 3421; x_wconf 87' lang='lat' dir='ltr'>(ut</span> <span class='ocrx_word' id='word_1_264' title='bbox 910 3351 976 3406; x_wconf 88' lang='lat' dir='ltr'>Joh.</span> <span class='ocrx_word' id='word_1_265' title='bbox 1001 3348 1132 3422; x_wconf 89' lang='lat' dir='ltr'>ultimo),</span> <span class='ocrx_word' id='word_1_266' title='bbox 1158 3363 1186 3407; x_wconf 89' lang='lat' dir='ltr'>et</span> <span class='ocrx_word' id='word_1_267' title='bbox 1215 3368 1269 3424; x_wconf 91' lang='lat' dir='ltr'>per</span> <span class='ocrx_word' id='word_1_268' title='bbox 1293 3368 1366 3407; x_wconf 92' lang='lat' dir='ltr'>con-</span> 
     </span>
    </p>
   </div>
   <div class='ocr_carea' id='block_1_10' title="bbox 371 3433 1367 3598">
    <p class='ocr_par' dir='ltr' id='par_1_11' title="bbox 371 3433 1367 3598">
     <span class='ocr_line' id='line_1_39' title="bbox 371 3433 1366 3509; baseline 0.004 -20"><span class='ocrx_word' id='word_1_269' title='bbox 371 3450 512 3509; x_wconf 90' lang='lat' dir='ltr'>sequens,</span> <span class='ocrx_word' id='word_1_270' title='bbox 531 3433 670 3491; x_wconf 89' lang='lat' dir='ltr'>Christus</span> <span class='ocrx_word' id='word_1_271' title='bbox 687 3435 822 3492; x_wconf 81' lang='lat' dir='ltr'>fundavit</span> <span class='ocrx_word' id='word_1_272' title='bbox 840 3437 893 3492; x_wconf 92' lang='lat' dir='ltr'>hos</span> <span class='ocrx_word' id='word_1_273' title='bbox 915 3435 1045 3506; x_wconf 88' lang='lat' dir='ltr'>ordines,</span> <span class='ocrx_word' id='word_1_274' title='bbox 1064 3436 1132 3493; x_wconf 90' lang='lat' dir='ltr'>licet</span> <span class='ocrx_word' id='word_1_275' title='bbox 1154 3437 1204 3493; x_wconf 88' lang='lat' dir='ltr'>illa</span> <span class='ocrx_word' id='word_1_276' title='bbox 1221 3437 1366 3494; x_wconf 87' lang='lat' dir='ltr'>fundacio</span> 
     </span>
     <span class='ocr_line' id='line_1_40' title="bbox 372 3519 1367 3598; baseline 0.006 -23"><span class='ocrx_word' id='word_1_277' title='bbox 372 3538 435 3577; x_wconf 91' lang='lat' dir='ltr'>non</span> <span class='ocrx_word' id='word_1_278' title='bbox 459 3519 497 3576; x_wconf 93' lang='lat' dir='ltr'>sit</span> <span class='ocrx_word' id='word_1_279' title='bbox 522 3520 553 3577; x_wconf 94' lang='lat' dir='ltr'>in</span> <span class='ocrx_word' id='word_1_280' title='bbox 578 3522 733 3596; x_wconf 86' lang='lat' dir='ltr'>evangelio</span> <span class='ocrx_word' id='word_1_281' title='bbox 757 3536 940 3598; x_wconf 87' lang='lat' dir='ltr'>expressata:</span> <span class='ocrx_word' id='word_1_282' title='bbox 966 3542 1068 3581; x_wconf 87' lang='lat' dir='ltr'>revera</span> <span class='ocrx_word' id='word_1_283' title='bbox 1084 3543 1138 3598; x_wconf 90' lang='lat' dir='ltr'>per</span> <span class='ocrx_word' id='word_1_284' title='bbox 1159 3526 1236 3581; x_wconf 90' lang='lat' dir='ltr'>hanc</span> <span class='ocrx_word' id='word_1_285' title='bbox 1260 3542 1367 3581; x_wconf 91' lang='lat' dir='ltr'>cecam</span> 
     </span>
    </p>
   </div>
   <div class='ocr_carea' id='block_1_11' title="bbox 373 3582 1444 3719">
    <p class='ocr_par' dir='ltr' id='par_1_12' title="bbox 373 3582 1444 3719">
     <span class='ocr_line' id='line_1_41' title="bbox 373 3582 1444 3719; baseline 0.005 -56"><span class='ocrx_word' id='word_1_286' title='bbox 373 3606 531 3680; x_wconf 87' lang='lat' dir='ltr'>arguciam</span> <span class='ocrx_word' id='word_1_287' title='bbox 551 3601 556 3691; x_wconf 79' lang='grc' dir='ltr'>Ι</span> <span class='ocrx_word' id='word_1_288' title='bbox 576 3623 753 3683; x_wconf 90' lang='lat' dir='ltr'>sequeretur</span> <span class='ocrx_word' id='word_1_289' title='bbox 771 3611 852 3685; x_wconf 89' lang='lat' dir='ltr'>quod</span> <span class='ocrx_word' id='word_1_290' title='bbox 873 3609 971 3666; x_wconf 91' lang='lat' dir='ltr'>omnis</span> <span class='ocrx_word' id='word_1_291' title='bbox 993 3611 1111 3668; x_wconf 87' lang='lat' dir='ltr'>novella</span> <span class='ocrx_word' id='word_1_292' title='bbox 1132 3625 1214 3669; x_wconf 90' lang='lat' dir='ltr'>secta</span> <span class='ocrx_word' id='word_1_293' title='bbox 1235 3612 1365 3668; x_wconf 87' lang='lat' dir='ltr'>fratrum</span> <span class='ocrx_word' id='word_1_294' title='bbox 1379 3582 1444 3719; x_wconf 42' lang='lat' dir='ltr'>{gg}</span> 
     </span>
    </p>
   </div>
   <div class='ocr_carea' id='block_1_12' title="bbox 370 3826 1366 4351">
    <p class='ocr_par' dir='ltr' id='par_1_13' title="bbox 370 3826 1366 4351">
     <span class='ocr_line' id='line_1_42' title="bbox 425 3826 1365 3884; baseline 0.007 -17"><span class='ocrx_word' id='word_1_295' title='bbox 425 3837 440 3867; x_wconf 89' lang='lat' dir='ltr'>r.</span> <span class='ocrx_word' id='word_1_296' title='bbox 452 3827 487 3884; x_wconf 64' lang='lat' dir='ltr'>n:</span> <span class='ocrx_word' id='word_1_297' title='bbox 503 3826 569 3884; x_wconf 74' lang='lat' dir='ltr'>alteri</span> <span class='ocrx_word' id='word_1_298' title='bbox 584 3826 680 3869; x_wconf 86' lang='lat' dir='ltr'>obedire</span> <span class='ocrx_word' id='word_1_299' title='bbox 694 3834 715 3870; x_wconf 88' lang='lat' dir='ltr'>et</span> <span class='ocrx_word' id='word_1_300' title='bbox 729 3827 836 3877; x_wconf 87' lang='lat' dir='ltr'>cuilibct;</span> <span class='ocrx_word' id='word_1_301' title='bbox 851 3827 882 3871; x_wconf 88' lang='lat' dir='ltr'>ib.</span> <span class='ocrx_word' id='word_1_302' title='bbox 894 3829 916 3872; x_wconf 81' lang='grc' dir='ltr'><strong>Α</strong></span> <span class='ocrx_word' id='word_1_303' title='bbox 929 3829 952 3871; x_wconf 89' lang='lat' dir='ltr'>in</span> <span class='ocrx_word' id='word_1_304' title='bbox 968 3841 1055 3884; x_wconf 52' lang='lat' dir='ltr'>marga</span> <span class='ocrx_word' id='word_1_305' title='bbox 1070 3829 1104 3872; x_wconf 86' lang='lat' dir='ltr'>De</span> <span class='ocrx_word' id='word_1_306' title='bbox 1118 3830 1261 3874; x_wconf 85' lang='lat' dir='ltr'>obediencia.</span> <span class='ocrx_word' id='word_1_307' title='bbox 1299 3845 1321 3882; x_wconf 88' lang='lat'>4.</span> <span class='ocrx_word' id='word_1_308' title='bbox 1333 3831 1365 3874; x_wconf 86' lang='lat' dir='ltr'>E:</span> 
     </span>
     <span class='ocr_line' id='line_1_43' title="bbox 370 3877 1365 3936; baseline 0.009 -17"><span class='ocrx_word' id='word_1_309' title='bbox 370 3877 399 3920; x_wconf 87' lang='lat' dir='ltr'>ad</span> <span class='ocrx_word' id='word_1_310' title='bbox 416 3877 457 3920; x_wconf 83' lang='lat' dir='ltr'>[let</span> <span class='ocrx_word' id='word_1_311' title='bbox 473 3877 648 3926; x_wconf 65' lang='lat' dir='ltr'>obedienciam</span> <span class='ocrx_word' id='word_1_312' title='bbox 671 3879 701 3921; x_wconf 92' lang='lat' dir='ltr'>ib.</span> <span class='ocrx_word' id='word_1_313' title='bbox 717 3880 752 3921; x_wconf 81' lang='lat' dir='ltr'>A:</span> <span class='ocrx_word' id='word_1_314' title='bbox 768 3879 860 3921; x_wconf 87' lang='lat' dir='ltr'>tardati.</span> <span class='ocrx_word' id='word_1_315' title='bbox 957 3881 979 3922; x_wconf 83' lang='lat' dir='ltr'>(i.</span> <span class='ocrx_word' id='word_1_316' title='bbox 994 3883 1027 3924; x_wconf 78' lang='lat' dir='ltr'>A:</span> <span class='ocrx_word' id='word_1_317' title='bbox 1043 3895 1144 3936; x_wconf 87' lang='lat' dir='ltr'>sponsus</span> <span class='ocrx_word' id='word_1_318' title='bbox 1159 3883 1236 3935; x_wconf 67' lang='lat' dir='ltr'>deest,</span> <span class='ocrx_word' id='word_1_319' title='bbox 1258 3883 1289 3927; x_wconf 85' lang='lat' dir='ltr'>ib.</span> <span class='ocrx_word' id='word_1_320' title='bbox 1305 3883 1325 3927; x_wconf 81' lang='grc' dir='ltr'>Ι)</span> <span class='ocrx_word' id='word_1_321' title='bbox 1341 3884 1365 3927; x_wconf 83' lang='grc' dir='ltr'>ἰη</span> 
     </span>
     <span class='ocr_line' id='line_1_44' title="bbox 372 3930 1364 3986; baseline 0.008 -14"><span class='ocrx_word' id='word_1_322' title='bbox 372 3941 459 3984; x_wconf 53' lang='lat' dir='ltr'>marg:</span> <span class='ocrx_word' id='word_1_323' title='bbox 477 3930 568 3972; x_wconf 76' lang='lat' dir='ltr'>Sufficit</span> <span class='ocrx_word' id='word_1_324' title='bbox 584 3943 668 3972; x_wconf 78' lang='lat' dir='ltr'>vovere</span> <span class='ocrx_word' id='word_1_325' title='bbox 684 3932 743 3983; x_wconf 85' lang='lat' dir='ltr'>Deo;</span> <span class='ocrx_word' id='word_1_326' title='bbox 760 3931 779 3973; x_wconf 90' lang='lat' dir='ltr'>E</span> <span class='ocrx_word' id='word_1_327' title='bbox 794 3933 817 3974; x_wconf 92' lang='lat' dir='ltr'>in</span> <span class='ocrx_word' id='word_1_328' title='bbox 833 3945 919 3986; x_wconf 82' lang='lat' dir='ltr'>marg.:</span> <span class='ocrx_word' id='word_1_329' title='bbox 936 3932 1025 3976; x_wconf 76' lang='lat' dir='ltr'>vovere</span> <span class='ocrx_word' id='word_1_330' title='bbox 1040 3934 1087 3976; x_wconf 85' lang='lat' dir='ltr'>beo</span> <span class='ocrx_word' id='word_1_331' title='bbox 1103 3935 1195 3978; x_wconf 86' lang='lat' dir='ltr'>suflicit.</span> <span class='ocrx_word' id='word_1_332' title='bbox 1257 3948 1289 3979; x_wconf 85' lang='lat' dir='ltr'>to.</span> <span class='ocrx_word' id='word_1_333' title='bbox 1305 3937 1325 3980; x_wconf 85' lang='lat' dir='ltr'>l)</span> <span class='ocrx_word' id='word_1_334' title='bbox 1340 3937 1364 3980; x_wconf 92' lang='lat' dir='ltr'>in</span> 
     </span>
     <span class='ocr_line' id='line_1_45' title="bbox 371 3981 1366 4084; baseline 0.01 -62"><span class='ocrx_word' id='word_1_335' title='bbox 371 3993 459 4074; x_wconf 52' lang='lat' dir='ltr'>piargs</span> <span class='ocrx_word' id='word_1_336' title='bbox 475 3981 623 4075; x_wconf 53' lang='lat' dir='ltr'>Regiuionum</span> <span class='ocrx_word' id='word_1_337' title='bbox 640 3982 785 4043; x_wconf 71' lang='lat' dir='ltr'>privatarum</span> <span class='ocrx_word' id='word_1_338' title='bbox 801 3983 985 4027; x_wconf 84' lang='lat' dir='ltr'>fundamentum.</span> <span class='ocrx_word' id='word_1_339' title='bbox 1053 3997 1082 4029; x_wconf 83' lang='lat'>12.</span> <span class='ocrx_word' id='word_1_340' title='bbox 1098 3988 1119 4030; x_wconf 89' lang='grc' dir='ltr'>Α</span> <span class='ocrx_word' id='word_1_341' title='bbox 1134 3986 1157 4029; x_wconf 93' lang='lat' dir='ltr'>in</span> <span class='ocrx_word' id='word_1_342' title='bbox 1173 4000 1260 4084; x_wconf 56' lang='lat' dir='ltr'>marp:</span> <span class='ocrx_word' id='word_1_343' title='bbox 1275 3987 1366 4049; x_wconf 73' lang='lat' dir='ltr'>Contra</span> 
     </span>
     <span class='ocr_line' id='line_1_46' title="bbox 373 4035 1365 4147; baseline 0.011 -21"><span class='ocrx_word' id='word_1_344' title='bbox 373 4035 765 4146; x_wconf 49' lang='lat' dir='ltr'>sla?,tubell&#39;ffillfb</span> <span class='ocrx_word' id='word_1_345' title='bbox 778 4048 911 4147; x_wconf 59' lang='lat' dir='ltr'>talliis·</span> <span class='ocrx_word' id='word_1_346' title='bbox 934 4037 1051 4133; x_wconf 59' lang='lat' dir='ltr'>llll·</span> <span class='ocrx_word' id='word_1_347' title='bbox 1064 4040 1255 4145; x_wconf 48' lang='lat' dir='ltr'>malastiol&#39;m‘</span> <span class='ocrx_word' id='word_1_348' title='bbox 1268 4049 1365 4137; x_wconf 61' lang='lat' dir='ltr'>eilaf:</span> 
     </span>
     <span class='ocr_line' id='line_1_47' title="bbox 372 4136 1365 4214; baseline 0.011 -37"><span class='ocrx_word' id='word_1_349' title='bbox 372 4136 438 4182; x_wconf 77' lang='lat' dir='ltr'>litas:</span> <span class='ocrx_word' id='word_1_350' title='bbox 452 4136 510 4214; x_wconf 63' lang='lat' dir='ltr'>lain</span> <span class='ocrx_word' id='word_1_351' title='bbox 527 4149 613 4196; x_wconf 53' lang='lat' dir='ltr'>marga</span> <span class='ocrx_word' id='word_1_352' title='bbox 631 4136 809 4197; x_wconf 34' lang='lat' dir='ltr'>Carme-litatum</span> <span class='ocrx_word' id='word_1_353' title='bbox 825 4149 974 4195; x_wconf 77' lang='lat' dir='ltr'>impugnatur</span> <span class='ocrx_word' id='word_1_354' title='bbox 988 4144 1081 4204; x_wconf 39' lang='lat' dir='ltr'>regula..</span> <span class='ocrx_word' id='word_1_355' title='bbox 1115 4154 1150 4195; x_wconf 73' lang='lat'>24.</span> <span class='ocrx_word' id='word_1_356' title='bbox 1165 4147 1200 4205; x_wconf 61' lang='lat' dir='ltr'>A?</span> <span class='ocrx_word' id='word_1_357' title='bbox 1216 4152 1236 4187; x_wconf 89' lang='lat' dir='ltr'>ct</span> <span class='ocrx_word' id='word_1_358' title='bbox 1252 4145 1365 4190; x_wconf 84' lang='lat' dir='ltr'>Samueli.</span> 
     </span>
     <span class='ocr_line' id='line_1_48' title="bbox 372 4187 1364 4258; baseline 0.012 -28"><span class='ocrx_word' id='word_1_359' title='bbox 372 4187 405 4231; x_wconf 79' lang='lat'>25.</span> <span class='ocrx_word' id='word_1_360' title='bbox 422 4190 456 4231; x_wconf 80' lang='grc' dir='ltr'>Α.</span> <span class='ocrx_word' id='word_1_361' title='bbox 473 4196 638 4249; x_wconf 66' lang='lat' dir='ltr'>sempiternale</span> <span class='ocrx_word' id='word_1_362' title='bbox 647 4190 676 4249; x_wconf 82' lang='lat' dir='ltr'>(l)¹</span> <span class='ocrx_word' id='word_1_363' title='bbox 688 4191 807 4233; x_wconf 84' lang='lat' dir='ltr'>miracula.</span> <span class='ocrx_word' id='word_1_364' title='bbox 824 4243 827 4250; x_wconf 36' lang='grc' dir='ltr'>Ι</span> <span class='ocrx_word' id='word_1_365' title='bbox 913 4193 949 4234; x_wconf 85' lang='lat'>26.</span> <span class='ocrx_word' id='word_1_366' title='bbox 964 4194 1166 4254; x_wconf 30' lang='lat' dir='ltr'>Asinii-nitatem</span> <span class='ocrx_word' id='word_1_367' title='bbox 1188 4197 1270 4241; x_wconf 84' lang='lat' dir='ltr'>1b.A:</span> <span class='ocrx_word' id='word_1_368' title='bbox 1287 4199 1364 4258; x_wconf 79' lang='lat' dir='ltr'>nullo.</span> 
     </span>
     <span class='ocr_line' id='line_1_49' title="bbox 370 4239 1363 4338; baseline 0.015 -58"><span class='ocrx_word' id='word_1_369' title='bbox 370 4239 407 4335; x_wconf 59' lang='lat'>38.</span> <span class='ocrx_word' id='word_1_370' title='bbox 422 4240 557 4336; x_wconf 44' lang='lat' dir='ltr'>alafrntres</span> <span class='ocrx_word' id='word_1_371' title='bbox 573 4254 609 4318; x_wconf 77' lang='lat' dir='ltr'>nia</span> <span class='ocrx_word' id='word_1_372' title='bbox 628 4249 685 4284; x_wconf 82' lang='lat' dir='ltr'>lslrl.</span> <span class='ocrx_word' id='word_1_373' title='bbox 711 4294 715 4301; x_wconf 31' lang='grc' dir='ltr'>Ι</span> <span class='ocrx_word' id='word_1_374' title='bbox 739 4240 1080 4338; x_wconf 65' lang='lat' dir='ltr'>31Eninmarp.:0b1ecc10.</span> <span class='ocrx_word' id='word_1_375' title='bbox 1135 4246 1214 4292; x_wconf 66' lang='lat' dir='ltr'>ann:</span> <span class='ocrx_word' id='word_1_376' title='bbox 1231 4256 1255 4293; x_wconf 91' lang='lat' dir='ltr'>ut</span> <span class='ocrx_word' id='word_1_377' title='bbox 1269 4250 1363 4295; x_wconf 79' lang='lat' dir='ltr'>dicitur.</span> 
     </span>
     <span class='ocr_line' id='line_1_50' title="bbox 384 4295 1001 4351; baseline 0.01 -17"><span class='ocrx_word' id='word_1_378' title='bbox 384 4307 407 4344; x_wconf 81' lang='lat'>4.</span> <span class='ocrx_word' id='word_1_379' title='bbox 460 4304 484 4335; x_wconf 83' lang='lat' dir='ltr'>iu</span> <span class='ocrx_word' id='word_1_380' title='bbox 500 4304 587 4348; x_wconf 80' lang='lat' dir='ltr'>marg..</span> <span class='ocrx_word' id='word_1_381' title='bbox 621 4304 744 4349; x_wconf 85' lang='lat' dir='ltr'>esponato,</span> <span class='ocrx_word' id='word_1_382' title='bbox 794 4308 917 4351; x_wconf 84' lang='lat' dir='ltr'>inmarg..</span> <span class='ocrx_word' id='word_1_383' title='bbox 933 4295 1001 4340; x_wconf 90' lang='lat' dir='ltr'>Nota.</span> 
     </span>
    </p>
   </div>
   <div class='ocr_carea' id='block_1_13' title="bbox 425 4416 887 4488">
    <p class='ocr_par' dir='ltr' id='par_1_14' title="bbox 425 4416 887 4488">
     <span class='ocr_line' id='line_1_51' title="bbox 425 4416 887 4488; baseline 0.011 -21"><span class='ocrx_word' id='word_1_384' title='bbox 425 4433 467 4469; x_wconf 83' lang='lat'>20.</span> <span class='ocrx_word' id='word_1_385' title='bbox 487 4416 528 4468; x_wconf 87' lang='lat' dir='ltr'>Cf.</span> <span class='ocrx_word' id='word_1_386' title='bbox 546 4418 606 4470; x_wconf 90' lang='lat' dir='ltr'>Pol.</span> <span class='ocrx_word' id='word_1_387' title='bbox 621 4419 729 4484; x_wconf 82' lang='lat' dir='ltr'>Worlrs,</span> <span class='ocrx_word' id='word_1_388' title='bbox 748 4434 808 4487; x_wconf 81' lang='lat' dir='ltr'>pag.</span> <span class='ocrx_word' id='word_1_389' title='bbox 828 4437 887 4488; x_wconf 86' lang='lat'><strong>274.</strong></span> 
     </span>
    </p>
   </div>
   <div class='ocr_carea' id='block_1_14' title="bbox 0 0 1588 5212">
    <p class='ocr_par' dir='ltr' id='par_1_15' title="bbox 0 0 1588 5212">
     <span class='ocr_line' id='line_1_52' title="bbox 0 0 1588 5212; baseline 0 0"><span class='ocrx_word' id='word_1_390' title='bbox 0 0 1588 5212; x_wconf 95' lang='lat' dir='ltr'> </span> 
     </span>
    </p>
   </div>
  </div>
 </body>
</html>
