3166 5212
192 504 295 549 saeuo
311 491 375 575 in]
549 509 709 560 saeuum
731 509 825 559 esus

238 671 294 725 Sed
320 669 455 743 sequitur
479 688 512 725 ex
536 682 631 724 textu:
656 669 746 724 Anien
771 669 834 724 dico
858 669 947 733 vobis,
972 687 1026 723 uon
1051 686 1182 722 consum-

193 756 307 811 mabilis
330 757 460 812 civitates
479 757 601 821 israhel,
626 757 715 811 ‹lorrec
733 757 825 811 veniat
834 756 920 831 filius
936 754 1067 810 hominis.
1093 755 1181 823 Quod

192 845 317 898 verbum
334 843 452 899 videtur
463 862 534 899 sane
551 862 638 916 posse
655 842 791 915 intelligi.
802 844 938 898 notando
949 844 1030 916 quod
1046 840 1184 897 Christus
1204 857 1355 923 explanation
1371 858 1393 898 nt

193 950 253 986 nou
282 931 380 985 solum
411 929 513 1004 dirigit
541 949 712 986 sermonem
740 930 831 985 istum
861 931 898 985 ad
928 929 994 985 illos
1019 928 1184 1002 discipulos
1235 910 1360 1017 ,lll'lill-l.

168 1020 244 1073 ised
274 1019 311 1072 ad
337 1035 533 1092 quoscunque
563 1031 708 1090 martyres
740 1031 791 1073 aut
816 1016 1003 1072 consessores
1028 1035 1121 1090 usque
1146 1018 1182 1072 ad
1340 1012 1342 1016 ’

195 1104 283 1160 linale
316 1103 461 1161 iudicium
494 1105 596 1161 lideles
631 1104 756 1160 ecclesie
791 1117 1010 1161 convertentes
1044 1105 1184 1159 Secundo

194 1190 312 1247 videtur
323 1195 404 1265 quod
423 1190 562 1265 intelligit
580 1209 633 1265 per
650 1190 785 1248 civitates
800 1191 912 1247 Israhel
928 1209 1031 1264 greges
1050 1190 1183 1245 lidelium

194 1278 245 1352 qui
261 1279 444 1334 constituent
458 1278 610 1334 civitatem
629 1297 769 1351 magnam
780 1279 945 1334 Jerusalem
964 1277 993 1332 in
1007 1277 1054 1333 die
1072 1275 1184 1333 iudicii.

195 1365 328 1435 Quilibet
354 1367 432 1422 eninr
463 1364 531 1421 talis
560 1384 629 1439 grex
653 1365 729 1421 sicut
754 1379 782 1421 et
807 1365 940 1439 quelibet
964 1364 1027 1421 eius
1056 1382 1184 1438 persona

154 1470 183 1501 ιο
195 1466 239 1509 est
262 1451 368 1508 civitas
395 1471 486 1526 quam
508 1451 644 1508 Christus
667 1452 815 1508 inhabitat
837 1451 888 1527 qui
913 1465 956 1509 est
975 1452 1097 1520 Israhel,
1115 1450 1185 1524 quia

196 1539 239 1594 vir
264 1539 367 1596 ridens
392 1543 488 1595 Deum
514 1553 542 1595 et
567 1552 658 1613 caput
682 1539 817 1596 ecclesie.
917 1599 920 1604 ,

238 1627 346 1683 'l'ercio
370 1627 488 1683 videtur
510 1629 592 1701 quod
609 1625 746 1683 Christus
763 1626 878 1683 animat
896 1646 966 1682 suos
984 1640 1131 1699 martyres
1147 1626 1184 1680 ad

196 1712 308 1769 dictum
329 1714 528 1770 ministerium
547 1732 600 1788 per
618 1715 674 1770 hoc
688 1717 770 1789 quod
790 1714 888 1788 ipsum
905 1733 966 1769 non
984 1712 1040 1769 erit
1058 1712 1186 1768 finaliter

196 1815 450 1871 consummatum,
465 1815 628 1875 antequam
643 1801 705 1875 ipse
721 1801 820 1858 veniat
833 1799 1013 1876 potestative
1026 1815 1054 1857 et
1066 1799 1186 1856 realiter

157 1889 232 1942 tiarl
259 1888 348 1943 linale
373 1888 528 1951 iudicium,
554 1891 677 1962 quaudo
701 1907 806 1945 omnes
831 1888 908 1944 servi
933 1888 1008 1945 tales
1033 1889 1184 1944 habebunt

197 1975 345 2045 gautlenrli
373 1975 529 2031 materiam
556 1990 584 2031 et
608 1995 713 2031 omnes
737 1978 880 2032 vecordes
897 1975 927 2031 in
945 1975 1001 2031 isto
1020 1974 1186 2031 ministeriu

198 2064 350 2117 habebunt
374 2062 531 2118 materiam
555 2063 746 2119 condolendi.
773 2066 808 2118 Et
827 2063 881 2118 iste
897 2062 1016 2119 videtur
1034 2061 1106 2118 mihi
1124 2079 1187 2116 esse

196 2167 300 2204 sensus
318 2148 405 2204 huius
422 2149 503 2205 verbi
521 2149 683 2223 evangelici
701 2163 762 2205 tam
782 2150 877 2223 priori
896 2150 1077 2206 conveniens
1094 2167 1185 2223 quam

197 2236 332 2309 sequenti
341 2256 432 2309 quam
441 2236 535 2292 eciam
544 2236 708 2292 conformis
717 2239 808 2292 modo
819 2236 931 2293 usitato
942 2236 1042 2311 sepius
1053 2236 1083 2291 in
1094 2234 1187 2309 scrip-

153 2338 185 2370 20
197 2334 314 2391 turatut
322 2325 633 2396 patetAp‹)c.XXl“‚2:
643 2324 707 2378 Vidi
713 2324 856 2380 civitatem
864 2323 1185 2394 sanctamJemsalem).

241 2411 298 2465 Sed
329 2410 453 2466 ulterius
482 2408 620 2466 Christus
649 2425 782 2467 removet
805 2425 936 2467 terrores
968 2411 1019 2485 qui
1044 2409 1185 2466 timorem
1252 2420 1352 2463 elutus

197 2496 364 2552 incuterent
382 2500 418 2553 acl
437 2499 493 2554 hoc
512 2497 711 2553 ministerium
729 2500 1019 2555 consummandum:
1044 2499 1109 2553 Non
1133 2508 1185 2561 est,
1200 2474 1402 2573 ιζζζξζῌᾘὲῗωζῗξη

196 2583 302 2658 inquit,
342 2585 499 2660 discipulus
536 2603 624 2660 niper
656 2587 831 2661 iringistrum
870 2604 920 2641 aec
957 2604 1061 2641 servus
1097 2603 1186 2659 super

197 2672 343 2725 hminum
365 2691 457 2726 suurn.
483 2675 520 2727 Et
542 2673 595 2727 bec
618 2671 700 2728 racio
724 2674 808 2728 daret
826 2672 906 2728 fideli
924 2672 1046 2729 cuilibet
1063 2672 1183 2746 plenam

154 2758 287 2813 nitidem
312 2761 349 2814 ael
375 2759 556 2833 paciendum
582 2758 759 2832 martyrium
783 2759 807 2815 si
832 2773 962 2833 oportet,
987 2759 1187 2833 supponendo

198 2845 297 2919 primo
327 2848 407 2919 quod
439 2866 544 2902 omnes
573 2848 647 2902 tales
678 2845 806 2903 ministri
831 2847 955 2903 ecclesie
984 2860 1052 2903 sunt
1077 2844 1188 2901 Christi

198 2932 336 3005 discipuli
371 2948 462 3007 atque
496 2935 581 2989 servi.
621 2934 669 2989 Sic
703 2933 782 2990 enim
815 2947 962 2990 vocarunt
994 2952 1025 2990 se
1058 2931 1188 3007 apostoli

199 3039 299 3075 seruos
317 3020 431 3075 domini
448 3023 516 3076 lesu
534 3019 656 3077 Christi.
683 3024 750 3091 Quo
772 3021 930 3095 supposito
952 3021 1003 3077 liat
1025 3022 1079 3076 hec
1096 3019 1188 3076 racio.

200 3107 305 3162 Nullus
337 3106 503 3180 discipulus
532 3109 577 3163 vel
611 3126 713 3164 servus
743 3107 878 3181 magistri
906 3109 952 3164 vel
982 3105 1098 3164 domini
1126 3120 1188 3163 tam

155 3194 188 3240 3⁰
201 3193 362 3266 prestantis
401 3208 428 3250 et
462 3208 525 3250 tam
565 3208 645 3251 recte
682 3195 888 3251 conversantis
926 3197 1014 3251 debet
1047 3208 1190 3268 appetere

200 3300 264 3336 esse
297 3280 435 3354 superior
464 3281 515 3337 tali
551 3282 704 3355 magistro,
734 3285 786 3338 sed
819 3300 924 3338 omnes
959 3282 1022 3338 eius
1050 3281 1188 3356 discipuli

200 3369 244 3424 vel
280 3366 408 3423 ministri
448 3387 504 3442 pro
538 3383 675 3442 tempore
707 3369 852 3425 viacionis
891 3371 1002 3426 habent
1036 3368 1188 3425 Christum

199 3473 286 3510 suum
322 3454 500 3527 magistrum
537 3454 621 3511 istius
656 3455 859 3525 condicionis3
894 3475 965 3529 ergo
994 3475 1053 3513 non
1082 3457 1190 3512 debent

200 3555 342 3615 appetere
359 3561 421 3599 esse
438 3542 505 3616 ipso
526 3542 706 3616 superiores,
728 3545 779 3599 sed
796 3543 860 3617 ipse
883 3562 976 3618 usque
1000 3545 1037 3600 ad
1063 3556 1190 3599 mortem

157 3630 187 3677 'ii
201 3648 305 3701 passus
331 3629 384 3685 luit
409 3629 624 3686 tribulaciones
647 3629 839 3703 gravissimas
863 3648 986 3687 excusso
1010 3648 1192 3705 quocunque

200 3715 310 3772 timore
333 3730 468 3783 vetante3
499 3736 570 3790 ergo
601 3717 663 3773 eius
692 3716 831 3791 discipuli
862 3717 970 3791 singuli
994 3719 1137 3774 deberent
1161 3735 1192 3773 se

201 3803 300 3858 taliter
318 3804 436 3860 habere.
463 3806 538 3861 Nam
558 3804 588 3859 in
605 3804 687 3860 omni
706 3817 787 3861 recta
805 3803 916 3877 policia
933 3805 1193 3882 sufficitdiscipulo

253 3982 272 4012 2.
288 3973 322 4013 A:
337 3971 423 4013 israhel
441 3972 511 4013 deest.
575 3983 594 4019 2,
611 3970 629 4012 3.
647 3970 699 4013 llll:
715 3971 777 4026 quod
794 3982 882 4013 terum.
944 3970 963 4014 3.
979 3971 1020 4014 Ali
1035 3972 1057 4015 iu
1074 3984 1160 4026 maru:
1177 3984 1192 4014 r.

202 4023 454 4073 uilliirtnrarrun.
505 4025 585 4066 toll:
619 4022 760 4065 uamJesus.
808 4034 836 4065 ra.
852 4023 894 4065 Ali
909 4024 931 4066 iu
947 4022 1068 4076 marani.
1117 4025 1192 4075 iplt:

202 4076 343 4134 regulariter.
438 4075 466 4117 15.
482 4078 515 4118 A:
532 4036 659 4117 secunlum
675 4076 739 4117 tales.
830 4087 861 4129 tq.
878 4075 909 4117 b:
925 4075 988 4170 quod
1004 4083 1037 4118 est
1051 4077 1192 4119 conformis:

203 4127 300 4181 lizqtua
316 4135 356 4169 est.
447 4128 739 4169 22.ll:cousettaudunt.
830 4129 915 4181 aph:
947 4134 994 4170 aret
1009 4128 1100 4171 cuilibet
1116 4129 1192 4171 iidem.

202 4179 236 4226 ai,
252 4178 286 4220 ati.
303 4180 379 4221 nuru
398 4180 684 4234 iniciendum-oportet
698 4179 769 4221 deest.
808 4230 812 4237 1
877 4179 1069 4229 autument:
1090 4181 1193 4223 tb.Ab:

203 4232 290 4274 Christi
306 4233 376 4273 deest.
468 4244 504 4279 eu.
521 4231 572 4274 bll:
588 4239 634 4274 tum
650 4232 726 4279 deest:
749 4232 778 4273 ib.
796 4230 813 4272 l:
828 4232 850 4273 iu
867 4244 953 4285 marga
970 4231 1038 4275 Racio
1054 4244 1097 4287 pru
1111 4233 1193 4275 littera.

203 4282 237 4326 30.
255 4286 349 4341 tutam
366 4280 543 4326 racionabiliter.
585 4283 615 4327 31.
632 4283 751 4326 l)l{:eum
768 4283 887 4336 magistro.
930 4282 1193 4338 3ti.l3:veutateergo;

204 4336 234 4377 ib.
252 4335 302 4377 uti:
319 4336 403 4387 ›irrquli
419 4336 490 4378 deest.
545 4335 578 4391 37.
596 4335 724 4378 lllierecta
740 4336 810 4377 deest.
1038 4334 1042 4347 '

263 4461 281 4494 1.
302 4444 427 4494 Matthaei
447 4446 479 4505 X,
500 4445 540 4495 23.
614 4459 654 4495 22.
675 4446 709 4494 ib.
731 4459 770 4506 24·

1046 4529 1097 4599 19*
