3166 5212
112 489 215 536 saeuo
230 473 302 563 xit]
460 495 620 547 seruum
639 495 737 547 rans.
1256 500 1317 559 299

114 656 263 714 manentis
287 658 374 712 debet
405 656 470 713 dari
498 655 556 712 illis
586 657 764 714 subsidium.
799 658 848 716 Sic
877 658 955 715 enim
986 658 1100 715 dictum
1145 669 1290 729 tintinnum

114 758 157 802 est
180 762 281 800 servos
305 744 416 800 servire
433 743 557 800 brachio
582 745 719 814 seculari,
745 744 814 802 licet
838 745 975 802 infideles
991 722 1320 816 fuerintffilefissllaffsslsi

114 833 159 888 vel
183 830 312 891 tvranni.
1113 825 1158 868 :ind
1174 833 1198 868 ιο
1214 827 1319 878 pre-tates.

159 919 216 973 Sed
241 917 297 973 ista
321 917 444 990 argucia
473 917 550 975 sicut
578 918 715 992 superior
745 939 797 992 per
825 921 925 976 locum
951 939 967 977 a
991 919 1101 977 simiali

91 1004 312 1062 isimilitudine
330 1019 372 1061 est
390 1005 503 1061 cesarie
521 1005 703 1070 introducta.
730 1008 843 1062 Omnes
862 1005 941 1063 enim
960 1007 1101 1082 apostoli,

115 1094 287 1150 sacerdotes
310 1093 357 1148 vel
379 1091 539 1166 presbiteri
564 1094 672 1150 debent
697 1112 760 1150 esse
784 1092 859 1149 socii
883 1107 911 1150 et
936 1114 996 1151 non
1022 1094 1101 1152 circa

116 1180 319 1236 melioritatem
347 1180 394 1235 vel
423 1179 587 1253 primatum
622 1180 746 1238 ecclesie
774 1194 877 1238 sancte
909 1185 1101 1240 contendere.

116 1272 147 1324 ln
170 1266 298 1325 seculari
322 1280 424 1323 tamen
449 1267 573 1324 brachio
597 1270 685 1324 elebet
708 1287 787 1324 unus
814 1271 981 1326 secundum
1007 1271 1101 1344 legem

116 1355 168 1411 Dei
208 1356 303 1410 altero
343 1373 406 1410 esse
446 1353 584 1428 superior
622 1356 724 1430 quoad
764 1358 909 1413 mundum
944 1366 986 1425 (ut
1020 1371 1102 1432 patet

77 1463 104 1495 ιο
117 1446 195 1498 Luce
212 1443 329 1511 xxm).
355 1443 431 1498 Cum
457 1461 528 1515 ergo
552 1440 589 1497 sit
610 1442 665 1499 ista
685 1443 739 1499 Dei
756 1442 925 1514 ordinacio,
950 1444 997 1501 isti
1015 1447 1102 1501 debet

116 1529 211 1585 fidelis
239 1528 335 1585 subici
368 1542 396 1584 et
425 1528 604 1603 impugnare
637 1530 866 1587 ordinacionem
895 1530 986 1588 aliam
1018 1531 1100 1588 Anti-

115 1615 229 1672 christi.
254 1619 330 1672 Nam
357 1615 425 1672 licet
443 1616 659 1673 Constantinus
677 1616 843 1691 imperator
862 1617 994 1675 decrevit
1015 1638 1101 1674 suum

116 1704 292 1778 episcopum
322 1716 413 1777 atque
441 1704 555 1759 clerum
585 1723 648 1761 esse
677 1704 864 1779 superiorem
893 1706 923 1761 in
949 1707 1102 1762 mundana

115 1790 211 1866 gloria
250 1809 341 1865 quam
375 1789 507 1864 reliquos
544 1790 574 1846 in
611 1791 735 1865 privatis
771 1792 837 1849 aliis
875 1791 1037 1866 provinciis
1074 1805 1103 1848 et

77 1880 184 1935 15licet
208 1877 411 1934 Antichristus
427 1896 555 1952 sequens
579 1876 610 1934 in
635 1880 692 1935 hoc
716 1897 818 1936 errore
841 1879 997 1953 ampliavit
1015 1878 1102 1936 istam

117 1965 255 2029 heresim,
280 1979 383 2021 tamen
408 1965 503 2021 tidelis
524 1967 611 2022 debet
636 1984 852 2039 recognoscere
877 1967 966 2023 tidem
992 1965 1103 2024 Christi

117 2054 229 2110 dictam
247 2055 284 2108 ad
302 2053 367 2108 Gal.
386 2055 425 2107 ΙΙ0
443 2055 599 2127 quomodo
616 2055 731 2122 Petrus,
750 2056 880 2109 lacobus
897 2069 925 2110 et
942 2055 1103 2114 lohannes.

118 2142 227 2197 Paulus
260 2153 288 2195 et
321 2142 475 2196 Barnabas
507 2159 576 2197 cum
605 2139 834 2215 quibuscunque
866 2140 933 2197 aliis
967 2141 1105 2197 fidelibus

119 2227 229 2285 Christi
254 2226 461 2283 sacerdotibus
485 2230 594 2284 debent
619 2246 682 2283 esse
710 2227 783 2283 socii
813 2242 840 2284 et
869 2247 929 2284 non
960 2228 1103 2300 magistri.

76 2316 270 2372 20Primatus
303 2327 404 2370 autem
438 2315 467 2369 in
496 2313 624 2371 seculari
652 2315 777 2370 brachio
806 2335 823 2371 a
847 2315 968 2371 Christo
1005 2316 1104 2370 multi-

118 2402 237 2477 pliciter
265 2403 462 2474 approbatur.
497 2404 566 2458 ldeo
599 2400 672 2456 dicit
700 2403 863 2474 Apostolus
898 2406 1103 2459 Romanorum

119 2493 193 2555 Xlll‚
212 2505 228 2544 2
247 2490 323 2562 qrtod
347 2489 395 2563 qut
414 2490 553 2564 potestati
575 2489 683 2543 resistit
706 2490 764 2544 Dei
783 2490 965 2545 ordirrueituri
987 2490 1103 2546 resistit.

118 2580 155 2632 Et
188 2575 359 2632 evidencius
397 2575 446 2649 qui
485 2575 595 2632 resistit
628 2575 785 2649 equalitati
819 2577 865 2633 vel
901 2576 1038 2633 societati
1074 2575 1104 2632 in

119 2663 235 2721 clericis
260 2662 313 2718 Dei
337 2662 526 2719 ordinacioni
551 2661 671 2718 resistit.
698 2665 767 2719 ldco
791 2663 923 2720 inveniat
947 2662 1034 2720 simia
1063 2662 1105 2719 sic

77 2751 303 2808 25concludens
333 2749 363 2804 in
392 2749 543 2823 scriptura
572 2749 733 2806 consilium
762 2752 807 2807 vel
836 2764 1012 2825 preceptum
1042 2765 1104 2806 tam

120 2837 306 2895 autenticum
332 2839 414 2911 quod
439 2837 539 2893 clerici
564 2838 707 2893 deberent
732 2839 842 2894 habere
872 2837 902 2894 in
926 2837 1027 2894 officio
1051 2856 1106 2893 suo

121 2926 283 2999 primatum
318 2944 408 2998 super
441 2924 526 2994 alios,
555 2924 633 2980 sicut
665 2926 815 2981 seculares
848 2924 963 2981 domini
997 2925 1105 2980 debent

121 3014 231 3068 habere
264 3029 353 3085 super
381 3030 451 3067 suos
479 3012 645 3073 subiectos:
675 3025 703 3068 et
733 3026 804 3068 tunc
838 3025 962 3086 possunt
990 3011 1106 3084 exigere

121 3099 241 3173 rapinas
266 3100 302 3154 de
326 3097 386 3154 suis
411 3097 548 3162 subditis,
573 3098 650 3155 sicut
667 3098 754 3171 exigit
779 3098 935 3156 brachium
961 3098 1104 3154 seculare.

77 3194 110 3243 30
121 3188 178 3243 Sed
204 3199 322 3241 constat
347 3204 380 3242 ex
405 3185 463 3241 lide
487 3185 645 3259 scripture,
676 3205 743 3242 cum
773 3186 894 3242 nonsit
923 3185 952 3241 in
977 3203 1012 3242 ea
1036 3204 1106 3241 con-

121 3272 269 3337 trarietas,
298 3274 380 3347 quoel
405 3291 459 3328 nec
489 3287 614 3347 possunt
644 3275 700 3329 hoc
728 3275 886 3329 ostendere
914 3291 969 3328 nec
997 3272 1104 3328 sciunt.

165 3362 234 3415 Ideo
258 3362 296 3416 ad
321 3361 536 3433 complendum
555 3361 608 3416 Dei
626 3359 852 3416 ordinacionem
871 3360 979 3415 debent
1005 3358 1106 3415 lideles

121 3462 148 3504 et
172 3446 343 3519 specialiter
359 3447 517 3503 brachium
539 3448 674 3503 seculare
695 3447 758 3503 istis
782 3445 905 3521 prelatis
923 3445 1061 3502 resistere
1078 3460 1105 3501 et
1150 3454 1201 3525 The
1215 3455 1292 3513 cterev

120 3534 213 3590 nichil
236 3533 292 3590 nisi
318 3533 481 3590 elemosine
505 3533 682 3608 temporalis
706 3533 794 3590 titulo
818 3533 859 3590 eis
884 3533 964 3599 dari;
989 3535 1026 3589 de
1050 3534 1106 3588 hoc
1136 3507 1228 3601 2¹13}ssss
1242 3500 1309 3600 {llll}

79 3627 108 3679 35
121 3620 199 3677 enim
225 3622 344 3677 fuerunt
368 3620 505 3677 Christus
529 3636 557 3678 et
580 3620 625 3677 sui
650 3620 779 3695 apostoli
804 3619 980 3677 contentati.
1006 3618 1107 3676 Primo

120 3727 191 3781 ergo
220 3710 308 3764 debet
336 3709 374 3765 ab
402 3708 444 3765 eis
473 3708 582 3765 auferri
610 3709 746 3765 seculare
778 3707 945 3764 dominium
980 3721 1008 3764 ct
1041 3706 1107 3763 dari

120 3794 305 3852 secularibus
333 3815 409 3871 quos
437 3795 574 3851 Christus
602 3795 722 3852 ordinat
751 3814 901 3869 occupare
929 3797 986 3851 hoc
1019 3793 1107 3851 mini-

121 3883 255 3945 sterium,
286 3897 505 3958 consequenter
532 3895 634 3939 autem
663 3884 751 3939 debet
780 3885 817 3939 ab
843 3882 884 3938 eis
913 3881 1023 3939 auferri
1052 3901 1106 3956 po·

173 4149 191 4179 a.
208 4138 240 4179 A:
257 4149 337 4179 servos
352 4136 442 4180 debere.
510 4151 532 4188 4.
549 4139 569 4180 Α
584 4139 606 4179 in
623 4149 709 4193 maras:
725 4135 861 4188 lte-sponsio.
934 4135 952 4178 5.
969 4134 999 4177 E:
1017 4135 1108 4178 Omnes

121 4190 206 4233 eriam:
222 4195 242 4231 et
259 4189 280 4231 in
298 4188 409 4240 nraretne.
459 4201 488 4232 12.
504 4190 524 4231 el
540 4190 562 4231 in
579 4202 663 4241 mure:
681 4187 808 4230 ordinacio
823 4187 978 4230 Constantini.
1029 4200 1060 4242 ¹9-
1072 4190 1106 4230 A:

122 4249 140 4282 et
157 4241 227 4283 deest.
282 4253 318 4283 ao.
335 4242 368 4284 h:
384 4248 460 4284 autem
475 4242 551 4284 deest:
567 4242 598 4283 ib.
611 4241 627 4282 li
638 4240 660 4283 iu
673 4252 759 4291 maru:
776 4240 890 4282 l‘rlmatus
901 4240 1012 4282 secularis
1022 4252 1107 4294 appro-

123 4295 188 4334 batur
203 4308 214 4335 a
230 4293 331 4336 Cluisto.
387 4304 420 4336 22.
436 4294 488 4336 llli:
503 4293 647 4335 ordinneloni
664 4292 749 4335 resistit
765 4291 835 4333 deest.
895 4304 930 4345 ²·l·
948 4292 964 4334 Ε
980 4292 1003 4334 in
1019 4304 1106 4345 mara:

122 4345 194 4389 N'otrr:
217 4346 246 4387 ih.
263 4348 297 4387 A:
319 4346 386 4388 simia
402 4346 435 4388 sic
449 4346 525 4389 deest:
548 4345 577 4387 li:
599 4345 678 4387 simea.
760 4344 792 4387 35.
809 4344 844 4386 26.
860 4346 892 4387 A:
914 4352 961 4387 tam
976 4352 1106 4399 acceptum.

122 4398 155 4438 2⁸5¹.
173 4398 223 4441 titi:
239 4398 273 4441 exi
291 4410 328 4440 cte
344 4399 383 4440 sic.
439 4410 474 4452 an.
488 4398 537 4439 titi:
553 4404 575 4438 et
590 4396 718 4439 brachium.
774 4396 808 4448 31.
825 4396 876 4438 titi:
892 4397 924 4439 lle
940 4409 999 4451 qttn;
1016 4396 1045 4439 E:
1061 4410 1107 4452 quo

123 4458 219 4493 turrium.
273 4410 307 4495 ia.
324 4450 342 4492 lt
359 4451 381 4494 in
397 4463 482 4504 marg.:
498 4450 571 4502 Nota;
586 4452 607 4491 A
623 4449 645 4491 iu
661 4462 747 4505 maru:
765 4462 780 4491 r.
834 4447 868 4492 38.
883 4451 904 4492 Α
920 4449 942 4491 in
959 4462 1045 4504 marga
1061 4461 1080 4493 2.
