3166 5212
174 482 275 530 sarno
290 465 363 556 rvr]
530 485 690 538 sacunuu
710 485 806 535 ruas

174 667 237 707 esse
274 649 312 705 ad
352 648 571 722 expectandum
611 645 765 703 humiliter
798 661 826 704 et
859 660 965 722 parate
1002 645 1164 704 adventum

174 734 294 806 Christi,
324 754 385 810 quo
413 732 506 791 trahit
534 752 590 792 nos
619 732 649 790 in
679 733 807 791 articulo
837 733 943 791 mortis
971 736 1010 791 ad
1033 730 1165 806 patriam

175 838 202 882 et
232 822 392 880 revertitur
415 841 433 879 a
462 820 580 897 nupciis
609 821 778 892 celestibus,
807 820 884 878 sicut
912 833 1038 896 perante
1065 816 1166 894 sepius

173 909 342 969 alternavit.
360 912 396 967 Et
411 911 578 967 secundum
595 909 687 966 talem
704 908 882 966 varietatem
898 907 1029 967 racionis
1046 905 1166 964 videtur

149 998 288 1056 §dictum
306 995 456 1072 Sapientis
473 995 600 1071 intelligi
617 998 699 1071 quod
715 997 847 1053 omnibus
863 997 1015 1053 mobilibus
1030 994 1166 1052 mobilior

173 1098 214 1143 est
241 1085 397 1162 sapiencia.
431 1084 461 1141 Si
492 1083 572 1141 enim
600 1102 737 1140 summus
767 1081 916 1140 Dominus
946 1084 1106 1158 copulatus
1134 1080 1165 1138 in

173 1172 291 1248 nupciis
308 1171 471 1246 gaudiosus
488 1171 662 1246 dignaretur
678 1169 846 1229 successive
862 1170 961 1229 redire
978 1172 1016 1229 ad
1032 1168 1164 1228 stadium

173 1274 202 1318 et
225 1277 379 1317 assumere
402 1257 458 1316 sibi
483 1260 521 1316 ad
542 1259 617 1316 tales
640 1257 801 1332 gaudiosas
825 1258 952 1334 nupcias
969 1276 1164 1334 quoscunque

173 1361 295 1423 paratos
328 1345 486 1418 invenerit,
520 1345 587 1421 quis
620 1359 703 1403 stans
736 1346 767 1404 in
801 1345 900 1403 stadio
928 1364 990 1403 non
1016 1345 1165 1403 instanter

132 1434 347 1510 rodisponeret
371 1451 402 1491 se
426 1435 464 1491 ad
488 1432 701 1509 accepcionem
726 1433 814 1491 huius
839 1445 867 1491 et
891 1446 1061 1508 expectaret
1077 1433 1162 1490 illum

173 1541 326 1580 summum
354 1521 517 1578 Dominum
541 1519 704 1595 gaudiose?

215 1609 304 1667 Venit
338 1622 439 1666 autem
472 1607 611 1666 Christus
644 1621 671 1666 et
699 1609 799 1684 pulsat
828 1610 866 1665 ad
894 1606 971 1665 ostia
999 1607 1162 1679 viatorum,
1187 1604 1370 1701 apriqtnqcrs

174 1698 418 1773 quandocunque
441 1697 513 1753 data
534 1694 593 1752 illis
614 1695 716 1769 gracia
737 1694 1009 1771 predestinacionis
1030 1697 1082 1752 dat
1104 1694 1162 1751 illis
1177 1670 1380 1754 uuinoiireiritii⁵

172 1785 256 1859 signa
277 1783 450 1859 prenostica
472 1783 579 1840 mortis
601 1801 663 1854 sue,
686 1782 728 1841 ita
744 1785 825 1858 quod
847 1783 968 1858 pulsare
984 1784 1022 1839 ad
1039 1781 1161 1839 ianuam

133 1870 210 1929 15sit
234 1889 368 1929 reserare
396 1869 504 1928 mortis
532 1869 695 1928 articulum
719 1888 816 1946 prope
839 1888 913 1942 esse,
938 1869 1024 1945 quasi
1048 1869 1162 1927 diceret

173 1977 247 2034 para
276 1972 315 2031 te,
345 1957 416 2033 quia
445 1976 541 2032 prope
570 1970 614 2015 est
642 1958 718 2015 hora
747 1957 779 2014 in
806 1976 865 2033 qua
892 1970 921 2014 te
950 1954 1099 2032 accipiam
1123 1958 1161 2013 ad

173 2046 297 2103 celestes
325 2045 466 2120 nupcias.
505 2046 557 2102 Ille
589 2056 690 2102 autem
725 2044 884 2102 confestim
913 2043 1010 2120 aperit
1039 2043 1161 2101 Christo

173 2132 284 2191 ostium
310 2133 361 2208 qui
385 2145 490 2208 parate
514 2133 566 2189 dat
589 2131 645 2188 sibi
662 2144 761 2189 totum
785 2151 838 2190 cor
855 2130 1007 2189 interioris
1030 2129 1162 2188 hominis

174 2220 326 2295 diligendo
360 2233 389 2276 et
421 2233 560 2295 acceptat
588 2219 721 2276 divinam
754 2217 940 2277 sentenciam
970 2219 1162 2292 gratulando.

130 2323 162 2358 20
174 2307 223 2365 Sic
246 2307 326 2365 enim
344 2307 413 2364 fecit
430 2307 540 2365 Paulus
561 2307 677 2384 cupiens
695 2307 815 2364 dissolvi
829 2318 856 2364 et
872 2325 934 2364 esse
950 2324 1014 2362 cum
1035 2305 1161 2362 Clu-isto.

173 2399 235 2452 Nec
263 2414 297 2452 ex
320 2396 378 2452 hoc
406 2393 543 2469 sequitur
566 2396 648 2470 quod
673 2393 799 2469 quilibet
823 2394 848 2451 si
875 2393 1014 2469 pulsatur
1037 2394 1075 2450 ad
1099 2391 1163 2449 eius

101 2450 163 2586 {zi
173 2481 285 2539 ostium
314 2483 405 2540 habet
425 2474 430 2565 1
451 2480 672 2540 revelacionem
697 2484 733 2539 de
762 2480 825 2538 eius
849 2479 1036 2538 beatitudine
1059 2498 1162 2537 conse-

173 2571 303 2645 quenda,
337 2569 408 2645 quia
440 2569 508 2627 talis
540 2569 678 2645 pulsacio
711 2581 755 2627 est
782 2568 902 2626 locucio
935 2569 1069 2625 confusa.
1103 2569 1162 2625 Sed

173 2658 231 2714 hoc
264 2670 309 2715 est
337 2655 418 2714 fideli
452 2656 596 2714 credibile
624 2658 706 2732 quod
736 2656 857 2714 clariori
890 2674 965 2713 sono
994 2656 1095 2731 pulsat
1123 2657 1162 2714 ad

131 2744 285 2802 250stium
313 2743 511 2818 predestinati
544 2757 572 2802 et
600 2743 726 2802 omnino
754 2744 884 2802 finaliter
912 2745 965 2801 sed
993 2742 1163 2801 obscuriori

172 2851 247 2889 sono
268 2834 307 2890 ad
324 2831 436 2889 ostium
453 2831 585 2907 presciti.
603 2831 735 2904 Quidam
752 2845 852 2889 autem
870 2831 901 2888 in
916 2831 970 2889 tali
986 2831 1163 2907 pulsacione

172 2916 328 2976 dormiunt
356 2919 386 2976 in
414 2931 550 2994 peccato,
575 2920 626 2977 sed
651 2919 728 2976 beati
748 2931 814 2976 sunt
836 2919 916 2976 servi
937 2918 982 2975 illi
1003 2937 1075 2996 quos
1097 2937 1161 2976 cum

173 3007 283 3064 uenerit
306 3007 451 3063 Dominus
473 3006 614 3064 invenerit
637 3005 798 3064 virtutibus
822 3005 987 3085 uigilantes.
1012 3006 1057 3063 Illi
1082 3004 1161 3063 enim

172 3093 295 3152 indubie
325 3113 380 3151 suo
404 3106 543 3169 tempore
571 3107 640 3152 sunt
669 3092 760 3165 beati,
784 3106 813 3150 et
843 3094 880 3151 de
908 3092 962 3151 tali
985 3093 1162 3168 pulsacione

128 3181 295 3239 30amabili
329 3193 428 3257 potest
457 3181 606 3239 verificari
638 3180 713 3238 illud
747 3179 861 3238 dictum
901 3179 1026 3238 ecclesie
1059 3179 1162 3238 Canti-

171 3287 276 3326 corum
293 3271 345 3341 V⁰,
364 3284 396 3325 2:
420 3269 485 3326 Vox
505 3269 604 3326 dilecti
622 3269 680 3326 mei
699 3268 855 3346 pulsantis,
875 3268 961 3345 aperi
978 3268 1051 3324 milri
1075 3286 1164 3326 soror·

171 3374 244 3429 mea,
272 3357 366 3414 amica
398 3374 472 3428 mea,
504 3357 636 3414 columba
669 3375 743 3428 mea,
775 3355 962 3412 immaculata
995 3374 1068 3413 mea.
1103 3357 1162 3412 Sed

170 3442 317 3518 prescitus
341 3461 403 3501 non
427 3456 499 3501 tunc
522 3442 625 3518 vigilat
649 3456 678 3500 et
699 3461 752 3518 per
768 3461 957 3518 consequens
980 3442 1011 3499 in
1034 3456 1161 3518 peccato

171 3530 324 3587 dormiens
348 3549 410 3588 non
434 3544 505 3588 tunc
530 3530 625 3588 audit.

128 3619 160 3672 35
218 3617 320 3689 Amen,
343 3616 450 3693 inquit,
476 3619 540 3675 dico
570 3618 650 3675 vobis
677 3618 755 3694 quod
777 3617 932 3695 precinget
960 3636 991 3676 se
1017 3629 1045 3674 et
1065 3617 1367 3693 saciet-'gerulainatres¹

170 3705 237 3761 illos
270 3705 451 3763 discumbere
482 3717 510 3762 et
537 3706 682 3763 transiens
710 3705 885 3761 ministrabit
913 3703 981 3762 illis.
1021 3704 1160 3762 Christus
1170 3679 1379 3776 iigqffi'ignsssseff

172 3811 243 3850 vero
268 3791 423 3867 precinget
447 3811 478 3850 se
502 3792 601 3867 ipsum
626 3792 657 3848 in
681 3791 790 3867 patria,
819 3794 941 3867 quando
966 3793 1104 3849 ostendet
1128 3810 1159 3848 se
1216 3785 1353 3828 Whlnffl‘*

171 3878 397 3954 paratissimum
422 3881 460 3937 ad
484 3878 613 3954 gloriam
637 3879 864 3951 conferendam,
889 3891 918 3936 et
941 3880 1031 3937 faciet
1048 3879 1159 3937 electos
1184 3837 1364 3946 riiiiegstiiim

221 4062 522 4156 qqArNamsecundum.
595 4064 615 4108 8.
630 4065 664 4108 A:
679 4072 701 4126 et
715 4064 816 4126 assidue.
877 4064 1084 4125 ·9.D:imbuerit
1115 4064 1159 4126 uis.

170 4114 930 4224 alx:heltrude„illittulutldtlttestatae
944 4119 1034 4225 diiii:
1050 4129 1160 4213 linai?

226 4293 248 4354 5,
267 4290 292 4342 ὁ.
311 4296 371 4359 Sap.
387 4294 442 4357 Vll,
463 4308 503 4358 ²4·
601 4310 640 4345 πο.
660 4293 726 4344 Phil.
747 4295 765 4353 Ι,
787 4293 826 4343 23.
849 4293 976 4358 Vulgare:
994 4293 1158 4346 desiderium

169 4362 270 4482 lqueiqs
292 4363 402 4415 dissolvi
428 4371 454 4414 ct
477 4379 533 4415 esse
556 4381 614 4416 cum
637 4365 752 4416 Clrristo.
861 4378 900 4430 ²7·
927 4365 1012 4414 Lucae
1038 4363 1093 4425 xtt,
1117 4363 1159 4429 37.
