3166 5212
198 477 302 525 seruo
316 462 376 552 ut]
553 481 712 534 secutor
732 483 827 532 eins.

198 646 331 702 secundo
355 642 426 718 quia
451 643 589 701 Christus
619 657 687 717 post
718 643 1032 702 communicacionem
1058 643 1185 700 istorum

199 734 358 789 verborum
377 731 448 805 quia
469 732 545 787 bene
568 730 693 801 dixerat,
717 744 889 805 assumptus
914 745 956 789 est
982 731 1012 787 in
1037 733 1134 788 celum
1159 744 1187 786 et

200 831 346 894 perpetuo
363 817 491 893 quiescit
511 817 540 873 in
558 817 644 874 bonis
661 816 716 874 Dei
734 817 907 892 pocioribus
924 820 1007 893 quod
1025 818 1187 875 confirmat

199 905 370 964 evidencius
395 905 506 962 Christi
530 907 631 962 verba.

176 997 188 1046 5
242 994 300 1050 Sed
334 991 427 1050 tercia
460 991 659 1049 confirmacio
692 991 804 1048 Christi
843 992 995 1050 sentencie
1029 1006 1072 1049 est
1104 993 1186 1066 quod

199 1078 330 1155 apostoli
354 1078 385 1136 in
409 1079 518 1154 quibus
547 1081 687 1136 lucebant
716 1092 760 1135 tot
790 1077 937 1136 miracula
961 1098 993 1136 ex
1018 1079 1075 1136 isto
1102 1098 1186 1135 man-

199 1169 270 1224 dato
294 1165 406 1224 Christi
435 1166 562 1241 profecti
591 1179 670 1235 sunt,
699 1184 760 1223 non
793 1165 973 1223 incarcerati
1001 1165 1031 1223 in
1054 1167 1187 1223 claustro

198 1268 230 1311 ut
258 1252 358 1311 timidi
385 1254 431 1310 vel
460 1254 603 1321 latrones,
633 1255 685 1309 sed
714 1252 947 1328 predicaverunt
980 1253 1101 1328 ubique,
1135 1252 1185 1309 ubi

199 1341 258 1398 sint
281 1339 380 1398 vocati
404 1340 516 1397 Christi
541 1358 709 1397 consonum
739 1353 802 1397 tota
826 1340 976 1397 Trinitate
1000 1355 1183 1415 cooperante

162 1442 227 1486 toet
251 1446 405 1486 sermones
428 1446 499 1484 suos
523 1427 722 1484 conlirmante
746 1428 942 1502 sequentibus
966 1427 1066 1502 signis.

241 1514 330 1572 Circa
368 1516 425 1572 hoc
459 1515 647 1588 evangelium
681 1513 837 1572 dubitatur
874 1528 976 1571 utrum
1015 1514 1185 1590 expedicius
1265 1526 1343 1587 locat¹

199 1603 274 1660 foret
298 1602 423 1659 ecclesie
448 1605 529 1676 quod
559 1601 785 1658 iurisdicciones
814 1601 912 1660 forent
937 1621 1122 1671 communes,
1153 1616 1185 1659 ut
1211 1579 1388 1684 lffississffissiffiffl'

198 1689 363 1747 sentenciat
392 1690 450 1746 hoc
480 1688 667 1762 evangelium
696 1707 787 1763 quam
822 1708 855 1746 ex
884 1688 973 1746 certis
1006 1689 1185 1765 evangelicis
1232 1684 1361 1780 {2352le

198 1777 305 1847 forent,
330 1789 362 1832 ut
387 1778 482 1833 multo
506 1776 630 1851 proprie
654 1776 792 1833 limitate.
832 1778 889 1833 Sed
916 1796 970 1851 ego
995 1796 1054 1834 non
1079 1777 1183 1834 dubito
1296 1770 1300 1778 ’
1356 1769 1360 1778 ’

161 1863 270 1938 t5quin
301 1862 406 1919 melius
435 1864 512 1919 foret
540 1864 705 1920 secundum
735 1862 922 1936 evangelium
957 1863 1069 1922 Christi
1102 1865 1183 1939 quod

199 1964 306 2008 cuncta
330 1950 407 2006 foret
431 1950 615 2007 communia.
655 1951 713 2006 Sed
737 1950 807 2007 hinc
831 1964 985 2025 oporteret
1009 1950 1184 2008 dotaciones

199 2037 299 2095 civiles
323 2036 475 2094 dimittere
500 2051 528 2094 et
553 2037 723 2111 ubicunque
740 2037 829 2093 flatus
846 2036 976 2112 Spiritus
992 2037 1094 2094 Sancti
1118 2039 1184 2113 pul·

200 2123 309 2182 saverit
333 2125 371 2181 ad
396 2126 462 2199 plus
487 2124 691 2181 edificandum
720 2123 877 2181 ecclesiam
903 2124 973 2180 illuc
998 2127 1130 2196 tendere,
1155 2138 1184 2181 et

199 2230 252 2288 per
275 2229 464 2286 consequens
488 2210 602 2268 dictum
627 2211 766 2285 Apostoli
790 2213 872 2286 quod
896 2230 951 2267 non
975 2213 1116 2268 habemus
1139 2212 1185 2268 hic

160 2315 189 2350 20
200 2310 358 2356 ›tranentem
370 2299 514 2355 civitatem
531 2301 583 2355 sed
589 2299 730 2373 suturam
741 2299 913 2374 inquirimus
923 2301 1030 2356 devote
1041 2299 1183 2359 recolere.

200 2388 257 2443 Sed
280 2385 343 2443 scio
367 2388 448 2461 quod
476 2385 647 2460 proprietas
676 2384 795 2443 caritati
825 2385 979 2442 contraria
1003 2388 1041 2442 ad
1066 2399 1183 2442 tantum

200 2472 341 2530 infecerat
369 2474 466 2546 legem
491 2472 602 2529 Christi
631 2475 712 2548 quod
741 2472 929 2547 impossibile
957 2487 1001 2529 est
1030 2491 1097 2530 cum
1127 2471 1184 2528 isto

199 2560 253 2617 reti
278 2559 391 2616 diaboli
415 2561 494 2617 hanc
517 2559 702 2617 sentenciam
733 2559 938 2633 evangelicam
965 2560 1122 2616 suscitare.
1147 2561 1183 2615 Et

200 2658 332 2704 moveret
356 2649 394 2704 ad
410 2648 566 2704 veritatem
586 2645 668 2703 dubii
693 2648 918 2704 concedendam
938 2649 1019 2721 quod
1046 2646 1183 2703 Christus

158 2733 380 2792 250mnisciens
414 2735 538 2791 mandat
570 2734 630 2790 suis
663 2734 809 2808 apostolis
842 2748 871 2791 et
906 2734 935 2790 in
975 2734 1033 2790 illis
1067 2733 1183 2790 cunctis

199 2821 309 2880 Christi
334 2820 543 2878 sacerdotibus
560 2821 602 2878 ire
627 2821 833 2878 indifferenter
854 2821 884 2877 in
909 2824 1055 2877 mundum
1081 2823 1182 2896 quoad

197 2907 423 2965 iurisdicciones
449 2908 621 2965 huiusmodi
647 2922 674 2965 et
699 2908 886 2981 evangelium
911 2907 1078 2982 predicare.
1104 2910 1180 2966 Cum

196 3014 267 3069 ergo
295 3014 350 3052 nec
379 2997 408 3051 in
438 2995 558 3052 Christo
588 3014 642 3051 nec
671 2995 702 3052 in
730 2994 877 3070 apostolis
911 3008 994 3068 patet
1024 2995 1182 3052 revocacio

196 3082 331 3157 precepti
360 3096 422 3139 tam
453 3081 596 3139 autentici
631 3095 722 3157 atque
749 3082 857 3158 gravis,
887 3094 969 3155 patet
1003 3082 1182 3139 malediccio

154 3167 186 3218 3⁰
196 3168 307 3227 Christi
331 3168 360 3226 in
385 3187 436 3226 eos
460 3168 511 3245 qui
535 3169 648 3226 violant
672 3172 730 3226 hoc
755 3171 943 3226 mandatum.

238 3259 323 3325 Item,
348 3256 601 3313 excommunicati
625 3270 694 3312 sunt
719 3257 768 3332 qui
794 3256 904 3312 tollunt
928 3274 1013 3312 veras
1031 3256 1183 3312 libertates
1208 3266 1292 3309 thirsis
1307 3267 1389 3310 should

196 3342 330 3411 ecclesie,
355 3346 407 3400 sed
424 3362 494 3400 vera
512 3344 635 3400 libertas
660 3346 802 3418 estquod
820 3342 994 3418 quicunque
1011 3345 1183 3400 sacerdotes
1208 3318 1384 3425 ssssefflffigcff

195 3449 270 3505 quos
295 3433 375 3487 Deus
400 3430 528 3487 moverit
545 3443 670 3504 possunt
687 3430 781 3487 libere
797 3430 899 3487 taliter
915 3430 1086 3504 predicare3
1111 3449 1183 3505 ergo
1363 3420 1368 3427 ’

196 3517 278 3574 illam
302 3517 471 3574 libertatem
498 3518 638 3574 tollentes
656 3517 813 3574 incurrunt
831 3516 1182 3575 excommunicacionem

154 3601 184 3654 35
196 3604 368 3661 horribilem
391 3606 472 3678 apud
489 3603 654 3661 Christum.
671 3605 777 3661 Talem
800 3624 871 3678 ergo
892 3605 1184 3662 excommunicacio-

195 3709 263 3748 nem
280 3692 422 3748 timerent
447 3692 550 3748 lideles
567 3706 595 3748 et
612 3710 673 3748 non
691 3692 1025 3749 excommunicaciones
1049 3691 1183 3748 inventas

197 3777 369 3835 humanitus
380 3797 436 3852 pro
447 3778 563 3835 diviciis
579 3798 614 3836 ac
631 3778 723 3835 lucris
740 3779 960 3854 temporalibus
977 3792 1006 3835 et
1023 3778 1183 3835 mundanis

197 3864 358 3939 privilegiis
374 3865 565 3922 roborandis.
592 3868 648 3923 Per
665 3867 723 3923 hoc
742 3867 822 3922 enim
842 3865 970 3923 ecclesia
995 3866 1071 3922 foret
1088 3865 1182 3923 libera

196 3951 321 4022 iusticie,
347 3951 397 4009 ubi
422 3951 482 4010 iam
507 3952 603 4010 libera
627 3967 670 4010 est
695 3968 832 4029 peccato

247 4170 347 4213 11.Ain
364 4183 449 4225 maru:
466 4171 577 4215 Dubium.
653 4171 681 4216 13.
698 4173 837 4223 sentenciat;
853 4147 927 4215 soiin
942 4172 995 4215 cod.
1070 4183 1102 4223 ¹4·
1119 4171 1141 4214 A
1155 4171 1178 4214 in

196 4234 280 4277 marga
295 4222 433 4277 Responsio.
493 4235 526 4271 22.
537 4223 569 4268 23.
582 4224 618 4268 isti
636 4225 676 4268 reti
692 4225 715 4268 in
730 4225 782 4268 cod.
845 4237 881 4279 24.
896 4225 919 4268 in
935 4236 1020 4277 maru:
1038 4237 1052 4268 ι.
1114 4221 1143 4266 31.
1159 4223 1181 4266 in

196 4286 315 4328 mma

250 4417 516 4483 tqfflbmffiq
