3166 5212
193 512 294 559 annno
310 494 396 584 ivn]
545 517 707 568 secuuon
728 518 823 568 rnna
1338 502 1392 560 ηδ

193 678 314 734 fratrem
340 677 466 735 fundare
496 698 582 736 suum
616 678 764 735 ordinem.
797 679 867 736 Scio
900 692 1001 736 tamen
1035 681 1116 753 quod
1148 678 1179 734 in
1191 700 1205 730 1.
1219 688 1278 732 meir
1293 686 1395 731 unitum

191 764 389 823 observancia
413 784 467 822 sua
491 767 619 822 multum
642 765 848 839 prenosticant
871 780 904 822 ut
928 779 991 823 tota
1015 784 1075 822 una
1099 779 1180 822 secta
1288 754 1295 766 ³
1329 755 1334 765 '

191 871 372 910 conservans
397 853 620 927 regularitatem
647 853 676 909 in
701 854 806 909 habitu
832 855 883 910 sed
906 853 1050 909 defective
1071 872 1179 927 preno-

192 939 279 997 sticat
303 942 480 997 Saracenos.
504 940 562 1014 lpsi
588 939 666 995 enim
685 940 827 996 Saraceni
852 954 913 997 tam
932 939 1063 1013 religiosi
1087 959 1178 1015 quam

167 1027 242 1084 salii
272 1027 303 1083 in
328 1026 431 1084 habitu
456 1041 525 1083 suut
549 1027 728 1084 conformes.
754 1028 926 1084 Secundum
948 1040 992 1082 est
1009 1027 1177 1101 exemplum
1209 1047 1229 1078 a.
1245 1036 1282 1096 the
1298 1034 1340 1078 aire
1354 1034 1382 1078 of

193 1115 430 1188 prenosticatum
456 1116 537 1189 quod
561 1115 619 1169 due
644 1115 769 1170 cathene
793 1114 902 1189 quibus
931 1128 1069 1187 tempore
1091 1117 1179 1170 lnno-
1207 1088 1265 1132 Μ
1280 1088 1380 1137 h⁰⁰⁵⁰⁵³

193 1201 287 1258 cencii
311 1204 347 1258 lll
373 1199 481 1257 veritas
506 1199 651 1274 evangelii
676 1214 718 1256 est
742 1200 834 1274 ligata
862 1199 1068 1275 prenosticant
1098 1202 1180 1275 quod

193 1307 287 1362 prope
327 1306 429 1344 muros
468 1289 520 1344 sed
552 1287 731 1345 intrinsecus
763 1290 854 1345 ambo
892 1289 1018 1344 fratrum
1058 1287 1180 1345 ordines

193 1376 352 1432 situantur.
378 1377 433 1431 Per
457 1377 514 1432 hoc
538 1375 618 1431 enim
648 1389 771 1432 notatur
804 1375 956 1432 civitatem
992 1375 1116 1432 ecclesie
1149 1374 1180 1431 in

154 1483 183 1516 ιο
195 1462 296 1519 multis
313 1462 441 1519 delicere
463 1476 490 1518 et
507 1461 537 1518 in
559 1463 755 1519 fundamento
773 1462 842 1519 fidei
860 1461 1022 1519 christiane
1038 1481 1180 1520 corruere

194 1565 221 1606 et
247 1550 408 1623 dyabolum
435 1551 599 1606 secundum
626 1551 680 1606 hos
704 1550 788 1606 funes
822 1550 852 1606 in
880 1548 1032 1607 civitatem
1057 1548 1179 1606 Domini

195 1636 329 1693 introire.
368 1636 509 1694 Tercium
548 1638 715 1711 exemplum
749 1622 987 1711 prenosticatum
1021 1651 1065 1693 est
1098 1637 1397 1711 quod3.uuirumublc

194 1723 378 1798 campanilia
411 1744 462 1781 sua
498 1724 652 1797 finguntur
684 1743 774 1798 super
806 1723 964 1781 ecclesiam
998 1742 1084 1780 suam
1117 1723 1180 1780 siue
1243 1698 1348 1753 sreeptes.

195 1811 375 1867 fundacione
407 1811 574 1868 sufficiente
606 1811 759 1868 constitui.
792 1811 841 1869 Sic
869 1812 995 1868 fratrum
1020 1810 1180 1884 religiones

155 1902 182 1951 ri
195 1914 222 1954 et
247 1897 368 1954 ordines
392 1897 455 1954 sine
478 1897 659 1955 fundacione
680 1897 782 1954 debita
798 1898 989 1955 extolluntur.
1015 1898 1091 1954 Cum
1110 1915 1180 1970 ergo

194 1985 253 2041 sint
286 1983 339 2040 viri
373 1984 404 2040 in
437 2003 545 2058 magna
585 1998 669 2058 parte
709 1985 828 2041 discreti
867 1984 995 2040 liberum
1036 1985 1181 2041 habentes

195 2071 353 2127 arbitrium
379 2084 471 2127 restat
500 2070 558 2126 illis
591 2070 695 2128 salutis
729 2070 862 2127 medium
896 2072 977 2145 quod
1011 2073 1181 2128 deserentes

195 2158 239 2213 sui
273 2157 388 2213 ordinis
417 2157 638 2232 imperfectum,
679 2157 771 2214 libere
803 2160 963 2215 observant
995 2175 1047 2214 sue
1080 2158 1181 2231 regule

195 2244 362 2301 virtuosum
387 2247 423 2301 de
447 2258 561 2319 quanto
586 2258 747 2319 promovet
765 2246 803 2301 ad
828 2244 918 2302 linem
943 2243 1095 2319 religionis
1120 2247 1180 2302 Do-

152 2331 268 2388 romini
294 2345 390 2387 totum
416 2331 569 2388 residuum
594 2331 789 2388 dimittentes,

554 2535 700 2598 SERMO
723 2537 822 2600 XVll.

238 2679 336 2734 Nolite
359 2678 461 2734 timere
480 2678 607 2755 pusillus
629 2697 718 2756 grex.
745 2681 824 2736 Luce
848 2681 926 2749 xlm,
954 2679 1002 2737 32.

239 2764 375 2822 Christus
403 2765 517 2822 stabilit
544 2784 629 2822 suam
658 2766 815 2823 ecclesiam
844 2766 875 2822 in
903 2767 998 2823 tribus
1022 2766 1181 2822 virtutibus
1212 2777 1380 2838 christanae

195 2852 372 2925 theologicis
400 2852 509 2927 quibus
541 2853 711 2927 specialiter
738 2853 836 2909 viatur
864 2857 900 2910 ad
932 2854 1077 2929 patriam3
1110 2872 1180 2910 nam
1229 2828 1339 2925 ldillfff
1339 2842 1362 2923 1¹¹}

154 2947 183 2995 25
197 2942 269 2996 fides
286 2952 432 2996 sustentat
450 2954 478 2996 et
495 2939 605 3014 dirigit.
623 2960 690 3014 spes
711 2940 826 2998 animat
843 2954 871 2997 et
888 2941 985 3015 erigit,
1002 2943 1054 2998 sed
1071 2940 1181 2998 caritas
1215 2933 1378 3030 fflllghglgff

196 3029 290 3083 elevat
315 3040 342 3082 et
367 3026 398 3083 in
423 3046 514 3100 regno
540 3027 704 3084 constituit.
731 3027 838 3101 lncipit
863 3047 933 3102 ergo
955 3027 1092 3086 Christus
1116 3046 1182 3101 per·
1357 3032 1363 3042 '

195 3115 326 3170 tinenter
342 3133 359 3170 a
375 3133 437 3188 spe,
455 3133 513 3189 que
530 3116 568 3170 ad
584 3134 660 3189 opus
682 3114 871 3171 meritorium
893 3115 1024 3172 extendit
1045 3117 1181 3172 membra

196 3199 321 3258 debilia:
353 3201 459 3273 Nolite,
482 3200 590 3276 inquit,
615 3203 717 3259 thuere
740 3202 867 3279 pusillus
893 3221 984 3279 grex,
1011 3203 1076 3278 quia
1105 3220 1182 3259 com·

249 3420 267 3462 3.
284 3420 335 3462 llll:
351 3431 491 3462 conservans
507 3420 659 3463 sanctitatem.
769 3420 786 3464 5.
802 3421 823 3463 A
839 3420 861 3463 lu
878 3433 962 3474 marg:
979 3432 1003 3467 a:
1024 3420 1080 3463 Eiu
1097 3433 1182 3479 marg:

197 3473 329 3516 Secundum
345 3473 484 3526 exemplum.
540 3472 563 3514 b.
578 3472 629 3515 ltli:
646 3473 812 3532 prenosticum.
868 3485 888 3526 7.
900 3473 921 3515 8.
938 3472 1096 3533 pretiosticaut
1109 3496 1134 3503 -
1150 3485 1183 3515 m·

197 3525 311 3567 trinsecus
326 3525 396 3567 decu.
442 3523 696 3578 lllllizprenostrcat.
744 3524 1183 3570 u.12.lll·2:etdrabolum—iutroire

197 3579 268 3620 deust.
317 3588 345 3619 rr.
361 3577 403 3619 nli
418 3575 439 3618 in
456 3588 541 3631 marg:
557 3576 576 3618 3.
599 3576 674 3620 Codd.
691 3578 857 3632 pronosticum.
907 3576 934 3620 15.
951 3577 1002 3619 ltli:
1017 3584 1039 3621 et
1053 3577 1182 3619 oraciones.

200 3632 228 3671 ιδ’,
247 3629 296 3671 lui:
312 3628 482 3722 imperfectum.
497 3628 653 3671 absolucioue.
716 3641 748 3672 22.
760 3632 780 3672 A
796 3629 818 3671 iu
835 3642 921 3681 liturg:
937 3630 1020 3671 Sermo
1035 3627 1111 3679 xt'11;
1128 3628 1145 3671 B
1160 3628 1182 3671 in

199 3694 283 3723 muru:
300 3680 341 3723 XV
356 3680 371 3722 l.
393 3680 418 3722 lu
435 3680 588 3723 translatione
604 3680 703 3723 llartiui.
726 3682 750 3724 ln
770 3681 807 3724 die
827 3680 898 3724 sancti
915 3681 1029 3736 l‘rocopii.
1049 3680 1183 3724 Translatio

199 3749 216 3774 s.
238 3696 328 3776 llurtini
352 3744 393 3774 uec
415 3745 459 3774 uon
482 3741 502 3775 et
522 3732 605 3775 festum
627 3750 645 3773 s.
667 3733 773 3788 Procopii
792 3732 858 3783 dioc.
880 3733 952 3786 Pragr
972 3741 1055 3787 quarto
1074 3733 1111 3776 dic
1130 3732 1183 3776 lulli

198 3785 348 3827 celebrantur.
371 3786 395 3826 S.
412 3784 539 3839 Procopius
554 3785 620 3841 *inter
636 3791 752 3880 patronos
773 3785 869 3828 ecclesie
888 3785 1010 3837 l‘ragcnsis
1031 3792 1099 3840 atquc
1119 3785 1182 3839 regui

199 3837 322 3879 Bohcnriac
338 3843 480 3879 numeratur.
533 3844 569 3880 20.
586 3838 621 3880 A:
648 3838 724 3892 uccpit
739 3850 794 3891 crgo
808 3837 882 3880 lesus.

249 3959 274 4010 ὁ.
293 3961 332 4012 Cf.
346 3961 437 4023 Trial.,
456 3977 506 4028 pag
534 3959 594 4028 409⁸.
701 3961 726 4012 8.
745 3978 827 4029 prope
847 3978 939 4012 muros
958 3964 1005 4012 sed
1024 3963 1183 4013 intrinsecus

198 4046 284 4081 seems
305 4044 331 4080 to
351 4044 492 4097 suggesta
511 4031 645 4082 reference
665 4042 692 4082 to
713 4031 757 4081 the
781 4034 830 4082 site
854 4032 885 4082 of
905 4031 950 4083 the
975 4032 1051 4082 friars
1075 4031 1182 4083 houses.

198 4101 281 4150 Their
304 4113 430 4150 convente
454 4101 531 4150 stood
551 4101 577 4150 in
598 4101 643 4149 the
663 4101 780 4151 suburbe
799 4102 850 4151 and
870 4101 978 4152 abutted
998 4117 1034 4152 on
1054 4100 1098 4151 the
1117 4101 1182 4167 city·

198 4172 281 4219 walls.
301 4172 409 4221 brewer
428 4171 494 4236 pref.
508 4183 534 4219 to
548 4172 609 4221 MM.
624 4171 764 4233 Francisc„
784 4187 844 4238 pag.
858 4171 939 4222 XVll.
958 4171 1027 4221 This
1047 4169 1182 4229 however,

198 4240 278 4290 while
308 4240 327 4289 it
358 4254 450 4304 agrees
481 4240 544 4290 with
576 4245 670 4307 ‘prope
701 4238 801 4290 muros'
833 4242 899 4290 does
930 4253 977 4291 not
1008 4254 1085 4306 agree
1117 4240 1181 4291 with

197 4307 381 4359 ‘intrinsecus’.
415 4313 447 4359 ht
476 4309 577 4359 Oxford
608 4311 642 4361 all
671 4309 716 4360 the
747 4309 829 4360 friars'
859 4311 959 4360 houses
986 4324 1058 4360 were
1087 4309 1112 4358 ln
1137 4308 1182 4359 the

197 4379 312 4428 suburbs
331 4379 436 4429 outside
455 4379 499 4429 the
512 4381 586 4429 walls
599 4377 760 4448 (Matthew).
815 4395 855 4430 aa.
869 4380 908 4432 Cf.
921 4379 1041 4447 Wyclif’e
1054 4381 1182 4429 Sermone

198 4450 239 4498 ed.
258 4447 293 4514 by
312 4449 423 4514 arnold,
445 4449 464 4511 l,
484 4464 542 4515 pag.
563 4449 621 4515 37⁰·
