3166 5212
200 493 305 539 sumo
320 479 416 569 xxxi]
553 500 714 554 secunus
736 502 832 552 etas.

200 660 374 718 huiusmodi
398 660 552 734 requisita.
577 661 654 717 Cum
678 659 757 717 enim
782 662 874 719 homo
897 661 936 719 sit
955 675 988 719 ut
1011 679 1094 720 serra
1117 680 1187 721 cuni

199 747 341 804 omnibus
368 747 489 819 organis
518 746 549 803 in
577 747 812 821 comparacione
842 751 881 805 ad
904 751 1001 806 Deum
1026 749 1077 825 qui
1105 750 1189 807 solus

200 837 289 892 habet
323 834 426 891 omnia
464 834 665 891 instrumenta
702 834 846 909 loquendi
880 854 973 911 quare
1005 855 1067 893 non
1098 837 1189 895 debet

200 921 319 980 locucio
341 920 465 979 attribui
487 920 609 995 proprie
625 921 683 977 sibi
699 920 774 978 soli?
797 921 847 979 Sic
868 921 948 980 enim
970 921 1074 981 dicunt
1091 923 1188 998 philo·

174 1009 287 1084 5sophi
321 1010 403 1084 quod
435 1026 497 1066 non
531 1006 630 1065 differt
658 1007 760 1065 dicere
792 1007 925 1067 animam
959 1009 1127 1086 intelligere
1159 1024 1189 1070 et

200 1097 300 1154 dicere
328 1096 425 1171 ipsam
453 1094 595 1153 edificare
622 1097 669 1153 vel
697 1108 806 1153 texere.
835 1098 912 1154 Cum
941 1116 1012 1172 ergo
1040 1097 1121 1156 idem
1149 1099 1188 1157 sit

200 1183 345 1241 iudicium
370 1186 407 1241 de
430 1196 495 1240 toto
519 1181 641 1241 homine
664 1185 766 1258 quoad
786 1185 894 1256 Deum,
927 1202 981 1259 per
1012 1184 1094 1244 idem
1125 1204 1188 1244 non

199 1272 255 1329 iste
275 1273 369 1329 homo
389 1273 441 1328 sed
459 1272 539 1329 Deus
559 1271 666 1327 saltem
689 1289 742 1345 per
762 1288 794 1329 se
814 1284 844 1329 et
865 1271 988 1347 proprie
1007 1272 1080 1331 facit
1100 1293 1187 1349 opus.

242 1360 299 1416 Sed
330 1357 468 1416 Christus
498 1357 627 1433 predicit
654 1356 714 1415 illis
742 1358 774 1414 in
801 1372 932 1433 quatuor
960 1362 1115 1436 quomodo
1143 1360 1189 1420 in·
1233 1373 1368 1419 Fourevits

159 1448 322 1504 instabunt
354 1459 493 1520 tempora
530 1444 701 1520 periculosa
739 1445 771 1503 in
809 1446 919 1521 quibus
956 1461 1077 1522 oportet
1107 1462 1188 1507 stare
1229 1425 1374 1533 toggtrtitptpy

198 1547 355 1608 tamquam
384 1545 575 1607 tetragonum
604 1531 667 1590 sine
695 1531 845 1608 vituperio
873 1537 1039 1592 secundum
1062 1534 1188 1593 virtutes

198 1633 330 1695 quatuor
367 1619 546 1677 cardinales.
586 1619 704 1677 Primus
737 1638 809 1695 ergo
833 1622 953 1696 ¹gradus
988 1621 1187 1696 perversionis

198 1721 305 1765 nature
323 1719 366 1764 est
383 1709 464 1780 quod
473 1709 579 1783 frater
588 1708 686 1764 tradet
689 1709 825 1784 fratrem
842 1709 870 1765 in
886 1720 1020 1783 mortem,
1036 1711 1187 1767 secundus

198 1795 279 1870 quod
301 1805 388 1870 pater
410 1794 452 1850 sic
479 1795 577 1851 tradet
590 1794 702 1871 filium,
726 1794 837 1853 tercius
853 1798 935 1871 quod
949 1796 1013 1873 filii
1034 1796 1187 1875 insurgent

159 1884 225 1938 riin
246 1892 385 1956 parentes
413 1892 439 1937 et
468 1893 562 1938 morte
584 1899 633 1938 eos
655 1882 794 1959 afficient,
822 1896 850 1939 et
875 1895 1001 1957 quartus
1025 1885 1107 1958 quod
1130 1883 1187 1941 viri

198 1967 358 2043 apostolici
390 1979 474 2024 erunt
507 1968 572 2024 odio
609 1968 740 2025 omnibus
775 1969 936 2025 horninibus
968 1970 1096 2045 (supple,
1134 1970 1187 2046 qui

199 2054 407 2131 principaliter
426 2057 571 2111 mundum
588 2054 721 2130 sapiunt)
737 2057 789 2113 sed
806 2055 960 2130 pacienter
984 2076 1040 2131 pro
1064 2056 1187 2115 nomine

198 2141 373 2199 Salvatoris.
411 2144 500 2212 Quod
533 2142 557 2198 si
590 2142 698 2200 fratres
730 2141 789 2199 sint
818 2143 929 2217 reperti
959 2142 1016 2200 ista
1048 2143 1185 2218 perfidia,
1242 2156 1288 2200 aad
1304 2168 1358 2217 now

198 2244 268 2286 tunc
290 2231 326 2286 de
346 2228 406 2285 illis
427 2228 600 2286 verificatur
616 2241 712 2286 textus
733 2231 771 2287 ad
794 2228 924 2288 literam.
949 2229 980 2287 Si
997 2229 1078 2288 enim
1095 2230 1188 2288 frater
1209 2208 1343 2305 ffiffi's'r‘idufff
1357 2210 1396 2254 'h‘

156 2335 187 2367 20
198 2336 230 2374 ex
246 2316 360 2373 invidia
376 2315 469 2373 alium
487 2317 609 2373 fratrem
626 2316 805 2374 destruxerit
816 2330 845 2374 et
856 2329 992 2391 pretextu
1008 2316 1188 2375 salvacionis

197 2403 312 2461 ordinis
349 2403 594 2461 incarceracione
635 2403 734 2479 ipsum
777 2403 932 2475 occiderit,
965 2403 1031 2479 quis
1069 2403 1187 2463 dubitat

197 2490 269 2566 quin
294 2490 430 2547 Christus
459 2503 487 2548 et
515 2509 586 2547 suus
614 2490 738 2565 spiritus
766 2492 824 2550 hoc
852 2491 1048 2549 intendebant
1071 2491 1102 2549 in
1129 2491 1187 2550 ista

198 2578 293 2648 litera,
327 2580 399 2634 dum
432 2577 475 2634 sic
507 2577 594 2636 dixit:
623 2579 732 2635 Tradet
764 2579 839 2635 enim
862 2580 969 2654 frater
991 2580 1127 2654 fratrem
1159 2579 1187 2636 itt

198 2666 344 2723 mortem?
371 2667 409 2721 Et
433 2663 512 2722 idem
538 2679 581 2722 est
604 2664 751 2723 iudicium
776 2667 812 2723 de
843 2679 929 2740 patre
956 2664 1106 2740 spirituali
1136 2666 1187 2743 qui

155 2754 186 2804 25
198 2766 323 2828 peccato
340 2751 452 2809 occidit
468 2751 564 2809 filium
581 2767 610 2811 et
626 2752 650 2810 si
668 2752 721 2810 filii
737 2752 909 2828 spirituales
926 2753 972 2810 vel
988 2752 1188 2828 corporaliter

196 2841 242 2899 vel
275 2838 472 2914 spiritualiter
504 2839 647 2897 occidunt
676 2853 824 2915 parentes,
853 2841 890 2897 de
924 2839 999 2914 ipsis
1034 2852 1079 2898 est
1106 2840 1187 2899 idem

197 2927 353 2985 iudicium.
387 2928 463 2983 Cum
493 2946 564 3001 ergo
598 2927 657 2985 illis
685 2927 791 3002 positis
818 2944 1006 3003 consequens
1034 2940 1078 2985 est
1105 2930 1188 3002 quod

197 3029 261 3073 tota
276 3012 410 3072 Trinitas
434 3013 608 3072 eternaliter
631 3013 682 3072 illa
705 3014 801 3086 scivit,
825 3033 929 3089 ymmo
952 3032 1022 3072 curn
1039 3014 1189 3074 catholice
1241 3028 1249 3053 ¹

197 3122 232 3161 ac
253 3100 408 3160 meritorie
424 3115 493 3158 sunt
510 3119 543 3159 ex
560 3102 617 3159 isto
634 3114 715 3159 textu
732 3100 842 3173 elicita,
859 3115 941 3177 patet
958 3103 1040 3177 quod
1057 3101 1188 3178 Spiritus

155 3193 186 3244 30
197 3194 325 3248 Sanctus
342 3207 395 3264 per
405 3188 496 3246 istum
507 3202 619 3246 textum
637 3188 741 3247 omnia
756 3188 808 3246 illa
818 3188 991 3247 eternaliter
1001 3187 1186 3248 intendebat.

243 3279 301 3335 Sed
326 3295 396 3334 cunt
419 3295 481 3334 non
506 3289 575 3333 sunt
599 3276 747 3351 condigne
764 3275 919 3351 passiones
935 3274 1023 3333 huius
1040 3276 1187 3352 temporis

197 3366 235 3422 ad
269 3364 400 3421 futuram
435 3363 563 3437 gloriam
599 3365 769 3435 beatorum,
804 3361 941 3421 Christus
978 3374 1079 3420 autem
1113 3363 1186 3422 dicit

198 3450 323 3509 Matthei
340 3453 397 3507 V0:
421 3450 508 3507 Beati
522 3451 599 3523 estis,
615 3469 680 3508 cum
697 3469 749 3507 vos
764 3451 879 3508 oderint
894 3450 1033 3523 homines,
1054 3461 1081 3507 et
1096 3452 1187 3510 male-

200 3539 330 3596 dixerint
358 3550 385 3595 et
413 3538 454 3594 sic
473 3538 592 3613 suerint
619 3539 777 3614 persecuti,
810 3536 1004 3595 manifestum
1033 3550 1077 3596 est
1105 3541 1187 3614 quod

154 3631 185 3684 35
199 3626 332 3684 defectus
367 3624 438 3682 fidei
472 3638 516 3682 est
545 3625 576 3681 in
608 3643 700 3683 causa
727 3644 821 3700 quare
849 3624 905 3683 viri
934 3623 1131 3684 ecclesiastici
1157 3625 1189 3684 in

197 3712 257 3771 isto
283 3731 377 3788 opere
404 3711 447 3769 sic
474 3712 625 3770 vacillant.
659 3714 696 3769 Et
725 3712 795 3770 hinc
825 3712 962 3771 Christus
995 3714 1188 3789 reprobando

249 3910 264 3940 r.
275 3898 310 3941 A:
328 3898 393 3941 modi
403 3897 480 3957 decan
496 3897 527 3941 ib.
537 3899 571 3941 A:
587 3910 642 3953 ergo
652 3897 724 3940 horno
735 3898 801 3941 sicut.
833 3895 868 3957 ‚3.
878 3897 913 3940 A:
928 3896 1057 3942 ministeria
1067 3898 1187 3954 loquendi.

195 3951 214 3994 5.
230 3950 287 3993 Ab:
308 3950 384 3993 diflert
399 3950 538 4004 intelligere:
560 3950 592 3992 ll:
608 3949 710 3993 animam
725 3949 802 3993 dicere
815 3948 900 3992 dicere.
941 3969 944 3974 ·
1007 3951 1078 4005 7.A:
1099 3957 1121 3994 et
1152 3962 1185 3994 er.

197 4016 219 4059 9.
234 4001 288 4045 DE:
303 4002 349 4045 illia
363 4002 434 4045 deest.
489 4000 710 4063 inbugindeesr.
766 4013 795 4063 ta.
807 4000 860 4045 DE:
876 4001 1032 4056 perversione.
1088 4001 1117 4047 13.
1132 3963 1187 4047 bd:

214 4054 259 4098 uod
276 4055 347 4097 deest.
403 4056 433 4097 18.
448 4056 482 4097 A:
498 4054 526 4097 bt
540 4067 572 4114 aij
588 4055 620 4097 rb.
631 4052 684 4097 DE:
700 4059 784 4109 reperti
799 4055 871 4097 deest.
925 4066 958 4115 ¹9·
973 4052 1027 4098 DE:
1041 4060 1097 4099 tunc
1110 4055 1188 4107 deest;

199 4108 205 4150 i
225 4140 229 4149 .
245 4106 264 4149 E
279 4107 301 4150 in
318 4120 403 4162 marp:
419 4107 500 4150 Frater
514 4119 606 4150 occisus
621 4118 634 4149 u
649 4108 727 4150 fratre.
781 4118 817 4150 ao.
828 4107 863 4150 A:
878 4106 1031 4151 tradiderunt.
1085 4118 1119 4151 aa.
1135 4106 1187 4151 DE:

197 4159 357 4220 intendebat.¹
380 4158 460 4211 eall:
477 4159 504 4201 de
519 4159 595 4221 tratre.
637 4158 715 4219 ².⁵·.A²
730 4165 752 4202 et
766 4158 843 4222 dcestj
858 4158 933 4219 ibA:
948 4160 983 4203 vel
994 4159 1086 4223 deest,
1108 4170 1145 4220 η..
1152 4160 1186 4203 A

199 4223 241 4261 pro
260 4224 378 4255 osrctonrs.
440 4210 474 4254 28.
490 4210 542 4254 bh:
558 4224 603 4254 ram
620 4218 694 4254 servit.
748 4208 783 4254 30.
799 4210 852 4255 Db:
868 4211 942 4255 illuni.
996 4208 1029 4255 33.
1046 4210 1098 4255 uta:
1113 4219 1185 4255 entis.

196 4263 229 4319 33,
242 4223 277 4317 ia.
289 4264 321 4307 tt:
339 4263 446 4307 homiues
461 4262 635 4313 nraledixerint;
649 4264 684 4306 A:
699 4262 861 4307 maledixerint
875 4264 947 4307 deest.
987 4261 1024 4317 ³4.
1034 4264 1068 4308 A:
1083 4264 1185 4308 fuerunt.

250 4388 288 4422 ιι.
301 4370 342 4421 Cf.
356 4373 393 4421 De
406 4370 482 4421 civiti
496 4371 622 4422 Dominio
642 4373 661 4433 l,
674 4388 732 4441 pag.
747 4370 789 4436 54,
803 4375 818 4425 Ι.
833 4371 874 4423 26.
921 4371 963 4423 33.
978 4373 1064 4423 Lucre
1077 4370 1121 4434 Vl,
1135 4385 1167 4423 at

194 4454 219 4491 et
238 4441 362 4492 Matthaei
381 4442 413 4503 V,
436 4456 474 4493 rr.
812 4464 815 4469 ·
