3166 5212
362 1427 462 1471 Christ's

349 1480 475 1523 maultood.

761 474 929 524 tonsurus
943 476 1081 526 tvvcur
1094 476 1288 527 seuuouuu
1375 452 1504 541 [SERMO
1521 462 1538 504 ¹·

526 631 653 688 ecclesia
687 651 817 707 quorum
849 633 924 691 festa
957 653 1013 692 nec
1040 634 1211 709 specialiter
1238 638 1443 694 celebramus
1477 645 1536 684 nec

526 737 655 793 corpora
676 734 746 776 sunt
768 721 879 778 tradita
898 722 1099 780 ecclesiastice
1117 725 1281 798 sepulture.
1308 725 1386 780 ldeo
1405 718 1537 775 videtur

525 805 738 864 irracionabile
767 811 848 883 quod
878 822 996 866 tantum
1019 825 1161 867 oneretur
1185 811 1314 868 ecclesia
1340 825 1444 884 quam
1473 806 1535 859 Do·

525 893 624 950 minus
653 894 804 953 libertavit
832 910 861 953 et
890 898 926 954 de
954 917 1032 955 novo
1066 899 1205 973 catalogo
1239 913 1302 956 tam
1339 915 1359 953 a
1393 889 1535 951 catholi-

525 981 663 1039 cantibus
691 1003 784 1058 quam
812 985 1041 1042 observantibus
1070 986 1307 1051 formidandum,
1340 1002 1417 1041 cum
1447 976 1562 1037 credi5

525 1072 613 1127 tlebet
630 1073 711 1146 quod
728 1091 790 1128 non
807 1086 931 1147 propter
953 1073 1217 1131 canonizazionem
1235 1077 1376 1130 Romane
1398 1064 1538 1126 ecclesie

526 1172 569 1215 est
590 1158 657 1234 quis
673 1157 703 1213 in
721 1161 786 1216 celo
802 1160 940 1217 sanccior
958 1162 1024 1236 plus
1041 1161 1087 1218 vel
1104 1160 1213 1232 minus,
1231 1180 1287 1218 nec
1305 1154 1536 1216 testimonium

526 1247 562 1302 de
583 1259 644 1302 tarn
666 1245 723 1301 sibi
745 1246 905 1321 incognitis
928 1250 979 1305 dat
1003 1248 1127 1323 singulis
1151 1250 1272 1324 plenam
1300 1247 1412 1303 fidem.
1440 1241 1538 1299 Fides

526 1347 626 1389 autern
662 1346 705 1389 est
740 1336 776 1391 de
809 1334 1069 1410 supereminencla
1102 1335 1271 1393 sanctitatis
1306 1330 1433 1390 domini
1460 1332 1537 1385 Jesu

526 1419 637 1477 Christi
666 1433 728 1477 tarn
753 1421 895 1479 divinitus
919 1441 1010 1497 quarn
1040 1422 1134 1479 eciam
1167 1421 1355 1480 humanitus.
1389 1421 1430 1475 Et
1458 1414 1537 1491 quia
1551 1435 1580 1472 to

525 1505 632 1581 triplex
660 1509 847 1583 evangelium
876 1508 1020 1567 hodierne
1049 1509 1108 1566 diei
1137 1509 1274 1567 meminit
1299 1511 1336 1565 de
1370 1505 1536 1564 ambabus

524 1606 553 1650 et
576 1593 639 1651 eius
664 1596 836 1653 humanitas
860 1610 904 1653 est
927 1596 1060 1663 inferior,
1086 1596 1287 1672 propinquior
1311 1593 1407 1652 nobis
1434 1604 1536 1665 atque

525 1680 639 1752 nocior‚
650 1681 731 1740 'ideo
749 1686 785 1740 de
802 1683 867 1758 ipsa
886 1686 930 1757 (ut
947 1683 1076 1757 videtur)
1096 1684 1236 1758 primitus
1253 1697 1297 1741 est
1313 1680 1534 1757 loquendum.

524 1770 561 1824 Et
585 1768 657 1843 quia
685 1771 812 1828 ecclesia
838 1770 869 1826 in
898 1773 959 1827 duo
988 1770 1142 1841 dividitur.
1171 1771 1286 1828 scilicet
1310 1769 1343 1826 iu
1369 1767 1478 1826 laicos
1504 1777 1536 1822 et

525 1855 650 1927 clerum,
680 1858 833 1933 evangelio
863 1857 960 1914 medic
989 1858 1078 1915 misse
1107 1858 1279 1932 pastoribus
1308 1866 1535 1931 competente,
1551 1854 1578 1907 15

525 1943 712 2017 evangelium
738 1945 834 2019 prime
864 1945 954 2001 misse
977 1945 1096 2002 videtur
1124 1945 1311 2003 secularibus
1343 1939 1534 2001 convenire.

315 2038 508 2096 The-emperors
569 2033 678 2087 Narrat
715 2046 816 2089 autem
855 2033 912 2088 hoc
952 2031 1139 2106 evangelium
1179 2033 1338 2107 quomodo
1378 2044 1536 2103 tempore

368 2093 455 2136 decree.

525 2116 681 2174 Octaviani
706 2119 758 2194 qui
781 2118 837 2175 fuit
859 2118 938 2175 iuter
962 2139 1067 2176 omnes
1092 2133 1308 2194 conquestores
1332 2114 1534 2193 generalior,

524 2203 655 2261 nobilior
679 2224 714 2263 ac
739 2205 833 2281 magis
850 2206 994 2280 pacilicus
1019 2205 1162 2263 emissum
1187 2220 1230 2263 est
1254 2209 1292 2263 ab
1317 2224 1354 2263 eo
1383 2201 1533 2261 edictum

524 2303 556 2346 ut
589 2304 652 2348 tota
686 2292 857 2350 habitabilis
890 2312 948 2368 que
981 2293 1067 2368 quasi
1099 2293 1155 2350 luit
1187 2296 1241 2350 sub
1279 2293 1344 2350 eius
1388 2288 1576 2366 imperioso

524 2378 744 2437 describeretur
768 2383 933 2437 secundum
958 2380 1091 2450 climata,
1116 2383 1282 2437 secundum
1307 2378 1531 2455 quantitatem

524 2464 628 2539 populi
653 2479 681 2523 et
704 2469 870 2524 secundum
894 2467 1108 2542 possessiones,
1134 2481 1165 2524 ut
1190 2467 1232 2524 sic
1256 2467 1348 2525 sciret
1367 2478 1531 2542 quantum

523 2551 625 2608 auxilii
662 2568 763 2628 gentes
801 2553 857 2611 sibi
890 2553 1023 2612 subiecte
1055 2567 1178 2631 possent
1210 2554 1344 2612 tribuere
1376 2557 1530 2611 Romano

525 2638 662 2713 imperio

306 2736 358 2782 The
376 2738 506 2782 enrotment
568 2729 625 2783 lste
643 2741 743 2784 autem
761 2728 928 2802 imperator
946 2729 1057 2785 dicitur
1074 2731 1167 2786 Cesar
1184 2747 1201 2785 a
1216 2729 1296 2785 Julio
1319 2730 1528 2805 precedente,
1540 2730 1571 2781 25

321 2803 370 2832 was
385 2792 460 2850 bcgun
475 2791 497 2833 in

373 2844 448 2898 Syria.

525 2826 553 2868 et
582 2816 733 2888 Augustus
765 2815 885 2881 dicitur,
919 2816 989 2891 quia
1022 2816 1197 2873 notabiliter
1229 2816 1311 2873 auxit
1341 2818 1526 2873 Romanam

525 2902 753 2975 rempublicam.
783 2906 820 2959 Et
848 2902 891 2959 sic
919 2902 1055 2960 Christus
1083 2916 1172 2960 natus
1200 2917 1244 2960 est
1272 2922 1354 2960 anno
1383 2904 1527 2978 quadra-

524 2987 638 3059 gesimo
655 2991 787 3045 secundo
804 2989 892 3046 huius
909 2990 1029 3053 cesaris.
1051 2992 1173 3065 quantlo
1195 2991 1261 3064 plus
1279 2989 1448 3065 pacificata
1465 2987 1527 3045 suit

525 3073 695 3132 habitabilis
713 3076 793 3133 iuxta
810 3076 884 3133 illud
903 3078 1012 3134 l'salm.
1031 3079 1193 3150 1,xx1⁰‚7:
1222 3078 1343 3134 Orietur
1364 3078 1395 3134 in
1417 3076 1526 3133 diebus

524 3161 584 3217 eius
605 3162 717 3219 iusticia
732 3175 759 3221 et
783 3164 984 3220 habundancia
1004 3164 1095 3240 pacis.
1122 3163 1266 3234 Quamvis
1290 3177 1395 3221 autem
1419 3161 1569 3239 parti-30

524 3249 639 3305 culares
655 3250 878 3325 descripciones
893 3264 1102 3325 precesserunt
1115 3252 1160 3323 (ut
1171 3264 1254 3325 patet
1266 3254 1289 3307 ll
1298 3252 1523 3326 Reg.XXlV⁰)‚

523 3333 579 3392 ista
607 3349 709 3393 tamen
733 3337 788 3393 fuit
812 3337 982 3412 generalior
1006 3338 1083 3395 inter
1107 3357 1223 3394 omnes.
1253 3340 1316 3395 Hec
1341 3336 1524 3412 descripcio

523 3421 634 3496 incepit
658 3422 688 3479 in
712 3424 798 3498 Syria
822 3427 877 3482 sub
896 3425 1007 3499 Cyrino
1032 3424 1160 3499 preside,
1178 3424 1249 3500 quia
1273 3424 1325 3482 illa
1349 3438 1436 3482 terra
1462 3423 1525 3481 fuit

523 3508 609 3583 quasi
631 3508 660 3564 in
684 3511 784 3568 medio
801 3511 931 3587 imperii,
951 3526 980 3569 et
996 3514 1034 3569 ab
1051 3512 1107 3568 ista
1124 3511 1333 3587 descripcione
1349 3512 1525 3570 videbatur

524 3595 641 3652 facilius
664 3598 816 3673 exemplar
839 3598 1009 3656 describere
1033 3598 1107 3655 alias
1131 3599 1283 3656 naciones.
1536 3600 1569 3655 35

576 3774 592 3805 r.
608 3763 641 3806 A:
657 3763 812 3818 spiritualiter.
859 3777 878 3808 2.
890 3766 923 3809 A:
938 3765 1039 3810 ecclesie.
1081 3780 1103 3819 4.
1119 3766 1151 3809 ll:
1167 3778 1228 3809 noto
1242 3764 1367 3815 catholice:
1382 3767 1421 3809 A:
1437 3765 1528 3809 catho-

524 3814 611 3857 licetur.
698 3830 721 3868 a.
737 3817 756 3860 5.
772 3817 823 3861 bE:
839 3818 1039 3860 catholizantibus.
1128 3819 1149 3859 ti.
1165 3818 1225 3861 Ain
1241 3830 1327 3878 marga
1343 3818 1526 3862 Canonizaclo.

524 3878 555 3909 ιο.
571 3866 602 3909 ll:
616 3868 688 3911 eciam
703 3868 780 3913 deest:
795 3870 825 3912 ib.
838 3872 871 3912 A:
887 3878 908 3912 et
923 3870 993 3924 quod.
1048 3883 1074 3914 tl.
1086 3870 1118 3913 lt:
1134 3870 1245 3913 hodierne
1260 3870 1315 3921 liet:
1330 3869 1361 3913 E:
1377 3870 1424 3913 Del
1441 3882 1526 3913 com:

524 3919 577 3962 diei.
651 3921 671 3965 15
693 3920 724 3963 E:
741 3922 1007 3976 pastoribuscornpetit.
1080 3922 1308 3965 ramocroviani.
1383 3922 1527 3979 19.A:eb

523 3971 618 4019 eodem:
640 3973 923 4016 ib.h:edictumdeest.
987 3976 1134 4018 :onznia
1149 3982 1208 4017 terra
1224 3974 1365 4017 habitabilis.
1434 3976 1525 4019 aad:

525 4024 783 4067 secundutninelittatu.
827 4026 1017 4069 22.A:scireut.
1064 4026 1366 4081 25.ltinnurg.:<:esar.
1411 4038 1449 4081 27.
1468 4026 1525 4071 tui:

524 4083 557 4117 est
572 4077 733 4127 deest;ll:in
748 4090 817 4120 auno.
872 4078 906 4119 28.
922 4079 1092 4132 ltlz':p:1eilica.
1142 4078 1291 4122 3o.ll:eius
1306 4078 1379 4121 deest.
1434 4077 1525 4123 sna:

524 4127 543 4169 ll
554 4128 630 4175 deest:
645 4128 733 4171 Cocta:
749 4128 815 4172 Rom.
827 4129 909 4173 xxlt’.
922 4130 1025 4173 Corte-xl.
1038 4131 1073 4173 ct.
1085 4131 1114 4173 ll.
1124 4131 1177 4185 lieu.
1190 4130 1272 4184 lllllV,
1302 4162 1306 4170 .
1361 4128 1398 4173 32.
1411 4132 1450 4174 A:
1467 4130 1526 4175 llic.

524 4178 556 4221 33.
572 4180 605 4223 h:
622 4181 685 4240 Ciria
699 4180 846 4242 sub-Cirnio.
931 4182 967 4236 34.
983 4183 1034 4225 lili:
1051 4184 1126 4226 inedia
1141 4183 1264 4243 inme-dio.
1284 4143 1352 4237 ingl.
1367 4190 1432 4227 text:
1451 4184 1493 4227 lor
1508 4184 1527 4227 it

525 4244 573 4272 was
588 4232 676 4287 myddtl
691 4233 718 4275 ol
730 4233 766 4276 lus
780 4246 875 4289 entptre.
930 4234 961 4279 35.
976 4235 1031 4278 ab:
1047 4237 1214 4290 exentplantet.

578 4338 619 4389 33.
639 4341 763 4407 Vulgare:
791 4342 869 4392 Haec
896 4343 1041 4407 descriptio
1061 4344 1154 4407 prima
1174 4345 1258 4409 sacta
1283 4350 1321 4394 est
1345 4358 1363 4392 a
1384 4344 1528 4409 praeside

527 4408 627 4472 Syrias
646 4411 758 4478 Cyn-ino.
