3166 5212
424 479 951 532 tonnuurswvcnrsnuuouun
997 460 1112 549 [seruo
1128 476 1186 521 xtr-
1344 467 1403 540 293

200 655 325 698 vocatur
353 640 503 698 nativitas.
536 641 603 698 Alia
632 641 711 698 enim
740 655 847 699 vocata
876 641 1016 699 nativitas
1045 641 1075 696 in
1102 654 1189 698 utero

202 743 326 786 vocatur
357 728 495 785 intranea
528 728 694 803 produccio
726 729 826 786 anime
860 748 928 786 cum
962 747 1090 803 corpore
1122 726 1189 785 vivo

201 816 262 873 sive
283 834 410 890 persone
432 815 584 890 incepci03
602 830 630 873 et
647 817 736 890 plane
754 830 837 890 patet
855 816 935 873 fideli
953 818 1034 891 quod
1052 815 1189 872 Christus
1201 826 1281 888 Christ
1295 827 1352 870 does
1367 836 1406 871 nor

202 923 262 960 non
297 902 425 960 asseruit
458 905 570 959 bonum
606 903 696 959 fuisse
733 903 873 960 Scarioth
901 922 970 960 eum
999 922 1060 959 non
1088 881 1408 976 luisse,1,{{¹.,iss{,},v‘i‚¹ss¹1}¹„

176 995 270 1047 §cum
303 1004 364 1047 tam
396 990 513 1047 subtilis
547 990 662 1063 logicus
695 1003 757 1047 tam
791 990 945 1063 signanter
972 990 1078 1047 asserit
1107 984 1407 1081 vu0digs1,{,⁸,⁶,⁸‘,¹2{„23¹

202 1080 314 1135 bonum
345 1091 409 1134 erat
437 1077 480 1133 illi
509 1077 533 1134 si
562 1091 650 1134 natus
678 1096 739 1133 non
767 1077 880 1134 fuisset.
914 1076 945 1134 Si
975 1096 1046 1151 ergo
1074 1080 1188 1134 bonum
1401 1070 1407 1080 ’

201 1178 265 1222 erat
294 1164 337 1221 illi
365 1183 396 1221 se
424 1183 487 1221 non
514 1164 604 1222 luisse
632 1178 747 1235 natum,
777 1178 849 1221 tunc
877 1178 906 1221 et
934 1164 983 1221 ille
1012 1164 1131 1235 fuisset;
1160 1178 1189 1222 et

201 1252 304 1309 fuisset
337 1251 510 1327 aliqualiter
542 1251 598 1308 sibi
632 1254 756 1308 bonum.
786 1253 857 1308 Ideo
890 1265 1005 1308 certum
1034 1265 1078 1309 est
1107 1254 1188 1327 quod

201 1339 278 1396 sicut
301 1341 403 1396 Yudas
433 1358 485 1414 per
514 1339 654 1397 accidens
683 1339 796 1414 profuit
824 1339 959 1408 ecclesie,
989 1338 1031 1395 sic
1060 1339 1188 1413 profecit

160 1426 347 1483 10indirecte
376 1440 404 1483 et
432 1446 485 1500 per
508 1426 648 1484 accidens
678 1425 734 1484 sibi
758 1425 825 1501 ipsi.
850 1429 909 1483 Sed
933 1425 1050 1482 videtur
1074 1445 1107 1482 ex
1131 1429 1188 1484 hoc

202 1513 356 1588 evangelio
389 1515 471 1589 quod
503 1533 564 1571 non
597 1514 700 1571 fuisset
733 1515 916 1589 dampnatus
949 1527 1011 1570 tam
1040 1513 1188 1587 penaliter

200 1620 278 1676 pena
315 1620 419 1657 sensus
447 1603 493 1658 vel
521 1601 645 1675 dampni
679 1601 708 1657 in
741 1619 814 1658 casu
845 1621 906 1676 quo
939 1599 1043 1657 fuisset
1070 1601 1188 1658 occisus

200 1690 247 1745 vel
274 1703 410 1745 mortuus
432 1689 462 1744 in
484 1703 571 1745 utero
594 1688 699 1745 matris
720 1706 782 1759 sue,
804 1701 833 1745 et
855 1708 924 1746 cum
947 1687 1048 1744 multis
1070 1687 1188 1745 videtur

200 1775 357 1850 probabile
390 1778 471 1850 quod
505 1788 577 1833 tunc
614 1775 717 1833 luisset
754 1777 946 1849 dampnatus,
978 1774 1097 1831 videtur
1129 1775 1188 1831 illis

159 1864 282 1938 15quod
317 1865 408 1919 modo
442 1863 480 1919 sit
508 1863 627 1936 gravius
661 1862 703 1920 sic
732 1864 924 1936 dampnatus.
954 1865 1015 1918 Nec
1044 1863 1188 1919 debemus

200 1949 368 2023 intelligere
400 1951 499 2006 solum
528 1950 664 2023 negative
693 1963 882 2024 assumptum
913 1949 1035 2020 Christi,
1065 1952 1187 2024 quando

199 2037 371 2111 dicitquod
397 2037 420 2093 si
445 2039 537 2093 homo
562 2036 612 2093 ille
636 2056 698 2094 non
723 2037 824 2093 luisset
849 2051 947 2105 natus,
972 2050 1048 2093 esset
1072 2039 1186 2093 bonum

199 2125 251 2194 illi,
270 2124 341 2198 quia
365 2128 408 2193 (ut
427 2125 539 2181 instant
556 2124 656 2198 logici)
673 2143 706 2181 ex
730 2124 869 2198 negativa
892 2124 945 2181 tali
968 2142 1028 2180 non
1053 2124 1188 2199 sequitur

199 2211 390 2268 affirmativa.
413 2214 471 2268 Sed
494 2213 602 2268 doctor
623 2211 808 2268 realissimus
829 2211 910 2286 capit
931 2230 992 2267 non
1016 2210 1080 2267 sine
1097 2230 1187 2267 causa

155 2314 188 2348 20
200 2299 324 2354 subiecti
364 2299 571 2355 constanciam
610 2302 692 2373 quod
726 2300 839 2355 bonum
873 2312 937 2356 crat
969 2297 1012 2354 illi
1047 2318 1102 2371 pro
1135 2298 1187 2354 illo

200 2385 369 2442 meditullio
398 2386 544 2460 temporis
573 2406 629 2460 pro
652 2405 713 2461 quo
737 2385 793 2441 fuit
817 2385 950 2443 inclusus
979 2385 1009 2441 in
1034 2398 1134 2441 utero:
1160 2400 1187 2441 et

200 2472 338 2528 similiter
367 2475 480 2529 bonum
515 2487 578 2530 erat
606 2473 649 2529 illi
680 2491 713 2530 ex
743 2473 797 2529 Dei
827 2473 929 2546 gracia
958 2487 1187 2547 consequenter,

200 2579 268 2616 cum
288 2563 366 2616 Deus
392 2559 627 2617 misericorditer
644 2559 744 2634 ipsum
762 2563 918 2635 dampnat.
943 2561 1002 2617 Sed
1025 2579 1088 2617 non
1112 2579 1187 2634 eque

200 2650 323 2713 bonum,
348 2647 371 2703 si
396 2666 464 2704 cum
488 2647 553 2703 istis
576 2646 700 2722 paribus
728 2666 789 2703 non
813 2647 917 2704 fuisset
940 2661 1029 2704 natus
1051 2666 1084 2704 ex
1102 2661 1187 2704 utero

156 2736 250 2790 rised
267 2747 423 2809 tamquam
450 2748 619 2792 monstrum
644 2747 782 2791 mortuus
806 2736 894 2792 etad
918 2748 1031 2792 statum
1056 2734 1187 2791 hominis

199 2840 261 2877 non
285 2821 447 2896 attingens.

568 2974 715 3038 SERMO
738 2974 821 3039 XLI.

242 3118 342 3174 Ponite
373 3118 400 3172 in
433 3119 570 3174 cordibus
602 3119 707 3174 restris
738 3137 793 3174 uon
822 3118 1019 3195 premeditari
1048 3119 1185 3192 quemad-

199 3206 315 3260 modum
340 3205 547 3280 respondeatis.
574 3207 652 3261 Luce
676 3206 767 3276 xxt0,
791 3225 835 3276 14.

154 3294 187 3344 30
242 3292 362 3348 Dictum
387 3306 430 3349 est
455 3291 592 3365 superius
616 3293 773 3361 (Sermone
797 3294 915 3361 xxxiv)
944 3294 1099 3366 quomodo
1128 3294 1185 3349 hoc

197 3379 384 3452 evangelium
410 3381 498 3435 debet
523 3378 657 3452 intelligi.
692 3378 778 3435 Multi
803 3379 924 3455 quidem
949 3379 1144 3435 retrahuntur
1168 3399 1185 3437 a

198 3465 309 3522 Christi
335 3465 504 3522 ministerio
529 3480 557 3521 et
581 3484 634 3522 sua
659 3485 750 3522 eausa
774 3480 899 3541 propter
923 3465 1129 3540 ignoranciam
1156 3481 1184 3523 et
1267 3530 1294 3539 ..

197 3552 402 3610 diflidenciam
436 3552 640 3627 responsionis
672 3553 798 3626 provide
831 3554 1064 3619 defendendam
1105 3556 1184 3610 unde
1231 3528 1367 3635 soliiistiiat

197 3639 314 3696 videtur
340 3639 430 3696 michi
455 3641 535 3715 quod
553 3639 766 3714 philosophica
791 3641 943 3697 sentencia
968 3654 996 3696 et
1013 3639 1184 3714 disputacio
1217 3633 1381 3689 disputatione.

155 3728 185 3778 35
197 3725 362 3800 sophistica
379 3726 552 3783 introducta
568 3729 620 3783 sed
639 3726 767 3784 maxime
784 3725 1015 3784 lexAntichristi
1034 3725 1184 3785 diffiniens

197 3815 352 3889 quomodo
376 3814 548 3889 quicunque
572 3814 628 3871 sibi
653 3817 815 3872 adversans
839 3815 935 3873 eciam
957 3812 1069 3871 Christi
1096 3814 1184 3873 disci-

251 4013 266 4042 ι.
282 3999 300 4042 Ε
314 3999 337 4041 in
353 4010 440 4051 muru:
455 3998 570 4041 Nativitas
585 3998 677 4054 duplex.
711 4012 741 4056 ,1.
753 3999 804 4043 llll:
820 4001 915 4053 asserio
931 4000 961 4042 ib.
972 3997 1028 4042 All:
1043 4011 1096 4041 cum
1111 3999 1183 4042 deest.

198 4053 218 4092 ri.
236 4055 269 4094 A:
291 4051 324 4093 sic
346 4063 392 4092 nou
414 4050 486 4093 luisse
510 4058 597 4093 natum.
704 4057 726 4098 (ι,
741 4064 761 4105 7.
783 4054 816 4095 A:
839 4053 864 4097 Si
886 4065 910 4095 er
927 4066 941 4093 o
961 4074 988 4081 -
1009 4057 1088 4108 natum
1111 4051 1183 4094 deest.

197 4118 228 4154 vr.
246 4105 273 4148 15.
291 4106 322 4146 A:
339 4103 431 4145 ridetur
445 4127 469 4133 --
484 4103 625 4156 dampnatus¹
639 4104 710 4146 deest.
770 4104 799 4148 15.
816 4104 845 4147 li:
862 4106 894 4148 sic
909 4065 980 4147 inest.
1036 4106 1068 4149 rb.
1086 4116 1115 4158 ¹7·
1132 4102 1183 4147 itii:

196 4157 281 4199 (Iluisti
298 4156 359 4209 quod
376 4157 397 4211 ly
413 4156 496 4201 homo:
516 4156 537 4197 lv
554 4155 648 4214 verbum
664 4156 815 4200 miluinicum
833 4173 856 4196 =
871 4158 898 4199 si.
922 4156 940 4199 E
962 4156 990 4198 ad
1013 4168 1094 4198 rocem
1118 4157 1139 4199 lv
1161 4157 1183 4199 in

196 4222 282 4261 matre:
298 4210 325 4249 si.
400 4207 432 4250 23⁴.
449 4207 500 4250 llli:
522 4202 567 4251 Sed
583 4220 636 4250 curn
651 4221 715 4263 eque.
796 4212 830 4252 εκ.
846 4211 866 4252 Α
883 4210 905 4253 in
922 4221 1006 4263 maris:
1023 4210 1106 4250 Sermo
1121 4202 1184 4261 xl.1;

197 4262 215 4323 ll
231 4263 253 4304 iu
271 4273 357 4355 marp:
371 4260 436 4323 ull:
452 4259 470 4302 l:
485 4260 507 4303 iu
524 4272 610 4321 marg:
626 4260 658 4302 lte
674 4262 823 4316 martyribus.
842 4314 859 4323 ..
892 4272 927 4316 29.
943 4263 977 4304 A:
994 4260 1053 4303 Luce
1069 4259 1183 4304 xxxlllr.

197 4313 230 4357 io.
249 4313 300 4355 ltlz:
317 4347 322 4355 .
339 4312 402 4355 ΚΜυ
416 4312 487 4355 deest.
542 4311 572 4355 ir.
589 4312 643 4355 Ab:
661 4315 786 4356 retrahunt.
841 4312 873 4356 33.
890 4315 923 4357 A:
940 4312 1092 4356 defendendo.

248 4420 289 4474 28.
309 4421 348 4471 Cf.
362 4419 484 4487 Wyclil's
504 4422 640 4484 Sermone,
658 4422 700 4470 ed.
720 4422 755 4486 by
773 4421 886 4482 Arnold,
906 4420 924 4484 l,
943 4436 1002 4487 pag.
1017 4434 1076 4487 2⁰9·
