3166 5212
194 470 298 517 sarno
311 452 385 545 cxx]
548 475 709 527 secunus
728 476 825 526 rans,

194 634 372 710 simpliciter
396 636 433 693 ad
455 648 596 692 naturam
617 634 835 705 inexistentem,
860 648 932 691 tunc
949 646 1031 691 totus
1049 635 1180 690 mundus

195 724 316 781 deberet
338 721 429 780 latria
445 722 577 794 adorari,
602 722 672 798 quia
687 736 796 780 natura
814 721 915 779 divina
932 735 975 779 est
992 722 1024 778 in
1047 720 1182 797 qualibet

195 822 334 868 creatura
357 809 575 886 perfectissime
599 809 768 867 inexistens.
793 809 823 867 Si
848 822 949 867 autem
975 809 1122 867 habitudo
1139 807 1181 865 rei

195 896 379 955 inexistentis
390 897 643 955 denominacione
653 897 852 972 perfeccionis
868 897 992 972 proprie
1003 895 1181 955 denominat

170 984 267 1042 sillud
292 982 340 1042 cui
361 984 503 1053 inexistit,
520 1004 581 1042 non
605 998 648 1043 est
672 984 815 1060 possibile
840 984 951 1059 lingere
977 985 1049 1060 quin
1072 997 1182 1041 natura

195 1070 296 1129 divina
318 1071 462 1147 proprius
491 1086 519 1129 et
547 1072 713 1147 perfeccius
742 1071 903 1129 inexistens
932 1086 1123 1130 sacramento
1153 1084 1182 1127 et

195 1158 317 1218 cuilibet
340 1159 428 1217 alteri
452 1172 590 1216 creature
614 1179 704 1235 quam
734 1178 845 1235 corpus
869 1158 980 1218 Christi
1005 1172 1049 1216 est
1073 1159 1103 1215 in
1127 1157 1181 1215 ali·

195 1264 255 1323 quo
278 1246 445 1322 perfeccius
469 1246 645 1304 denominat
669 1247 743 1305 illud
767 1247 816 1304 cui
844 1246 975 1305 inexistit
1004 1245 1181 1304 denomina-

196 1333 281 1391 cione
304 1333 429 1411 propria
454 1334 629 1409 respectiva.
654 1336 715 1392 Nec
739 1348 783 1392 est
800 1349 995 1409 aggregatum
1014 1353 1047 1392 ex
1071 1347 1182 1391 natura

156 1421 298 1479 rodivina
326 1435 355 1479 et
386 1440 514 1497 corpore
541 1421 653 1479 Christi
682 1422 849 1497 perfeccius
877 1442 968 1498 quam
1001 1436 1045 1480 est
1072 1435 1182 1479 natura

196 1507 297 1566 divina
320 1528 374 1584 per
397 1528 438 1580 se,
462 1508 620 1584 supposito
637 1512 719 1584 quod
743 1511 852 1567 stultus
876 1510 1055 1585 imposuerit
1079 1509 1181 1567 huius·

197 1596 279 1654 modi
303 1610 508 1671 aggregatum.

237 1682 381 1758 Arguitur
406 1696 512 1741 contra
541 1683 629 1741 istam
660 1699 810 1742 recentem
841 1684 969 1742 heresim
995 1682 1179 1741 contrariam
1196 1695 1246 1738 om
1260 1703 1392 1758 opponente

196 1770 251 1828 sibi
267 1770 334 1846 ipsi.
360 1770 391 1829 Si
416 1771 494 1829 enirn
521 1771 562 1829 ibi
585 1772 645 1829 sint
669 1771 852 1847 quantitates
877 1786 905 1829 et
929 1772 1091 1847 qualitates
1115 1748 1397 1844 cor-⁵⁸l,{l⁰5{³,¹¹ffl¹,¹¹⁶⁸

158 1858 373 1934 15poreesine
396 1859 532 1917 subiecta
555 1860 739 1933 substancia,
763 1859 814 1917 ille
831 1860 1015 1935 quantitates
1033 1877 1101 1916 cum
1119 1877 1179 1915 non
1236 1854 1349 1910 quantity,

197 1959 264 2003 sunt
287 1945 483 2004 indivisibiles
512 1967 581 2004 sunt
610 1948 707 2022 longe,
738 1949 797 2005 late
826 1962 854 2004 et
883 1947 1043 2022 profunde,
1075 1960 1103 2003 et
1127 1964 1180 2019 per

197 2051 389 2108 consequens,
423 2034 501 2091 sicut
528 2048 627 2091 totum
661 2054 753 2109 genus
785 2035 963 2110 quantitatis
996 2032 1178 2099 huiusmodi,

196 2120 292 2177 forent
321 2139 438 2195 magne,
468 2134 496 2179 et
525 2141 579 2197 per
608 2141 794 2197 consequens
823 2122 864 2178 ibi
895 2122 971 2180 foret
1002 2120 1179 2197 magnitudo

196 2226 263 2265 cum
287 2225 406 2283 magno,
432 2209 589 2283 longitudo
614 2228 681 2266 cum
700 2211 801 2283 lougO,
826 2209 955 2266 latitudo
979 2228 1047 2265 cum
1072 2210 1134 2266 lato
1151 2221 1180 2265 et

157 2294 383 2370 aoprosunditas
416 2314 484 2353 cum
523 2297 684 2371 profundo,
719 2310 748 2353 et
781 2315 834 2371 per
865 2296 945 2352 idem
980 2296 1076 2370 ligura
1110 2314 1178 2353 cum

196 2382 332 2457 figurato.
367 2384 404 2439 Et
439 2397 563 2458 propter
596 2383 683 2441 istam
717 2384 871 2441 racionem
906 2383 1079 2441 necessitati
1111 2395 1180 2440 sunt

195 2469 406 2527 Machometici
440 2483 468 2526 et
501 2471 643 2546 precipue
677 2471 761 2528 istius
794 2485 874 2528 secte
907 2470 1038 2528 heretice
1071 2489 1177 2527 conce-

196 2557 264 2613 dere
283 2559 319 2614 de
340 2557 509 2632 quantitate
532 2558 759 2632 predicaciones
783 2557 956 2615 huiusmodi
982 2557 1179 2614 concretivas.

196 2645 231 2700 Et
258 2658 405 2720 quantum
435 2646 473 2702 ad
502 2646 770 2703 denominaciones
799 2645 873 2703 alias
902 2644 1066 2721 qualitatis,
1097 2657 1180 2719 patet

158 2730 286 2805 25quod,
317 2730 394 2788 sicut
418 2734 475 2789 hoc
503 2746 728 2791 sacramentum
758 2733 865 2808 recipit
894 2731 1178 2790 denominacionem

196 2818 397 2876 concretivam
426 2820 556 2894 figurati,
582 2839 650 2878 cum
674 2823 840 2878 secundum
863 2820 1055 2877 Aristotelem
1082 2819 1178 2894 ligura

195 2905 232 2962 sit
256 2905 397 2986 qualitas,
422 2906 569 2982 reciperet
598 2907 865 2966 denominaciones
893 2908 967 2965 alias
991 2907 1178 2965 concretivas

195 2992 236 3049 illi
269 2992 432 3068 quantitati
465 2994 666 3053 inexistentes.
706 2998 742 3051 Et
774 2995 817 3053 sic
845 3008 1067 3053 sacramentum
1100 2995 1178 3051 foret

195 3081 306 3151 album,
345 3083 510 3138 rotundum
550 3096 578 3140 et
611 3081 762 3158 sapidum,
802 3082 879 3140 sicut
918 3097 960 3140 est
1001 3082 1177 3158 figuratum3

154 3168 294 3242 30p0test
322 3168 402 3225 enim
435 3188 497 3227 non
530 3171 628 3227 solum
661 3189 714 3246 per
750 3189 781 3228 se
814 3170 927 3227 moveri
960 3170 1097 3227 localiter
1125 3170 1177 3226 sed

194 3257 280 3312 valde
296 3254 457 3330 dispariter
474 3258 606 3314 alterari.
624 3258 799 3316 Subiectum
812 3278 883 3332 ergo
899 3256 967 3314 talis
984 3255 1177 3314 alteracionis

194 3342 269 3400 foret
290 3343 404 3400 factum
422 3345 549 3401 alterum
571 3344 658 3402 etsie
675 3346 773 3420 quale.
799 3347 885 3403 Unde
906 3358 1028 3402 sanctus
1043 3345 1177 3402 Thomas

194 3443 222 3488 et
245 3429 296 3488 alii
327 3430 378 3506 qui
402 3430 574 3505 intelligunt
607 3451 639 3489 se
666 3432 749 3507 ipsos
777 3433 807 3490 in
836 3432 893 3490 ista
922 3432 1049 3489 materia
1073 3432 1177 3489 dicunt

194 3520 274 3593 quod
307 3518 437 3592 qualiter
470 3531 499 3575 et
532 3518 591 3576 alia
626 3520 785 3595 sequencia
824 3519 1030 3577 accidencium
1067 3537 1177 3592 genera

154 3605 357 3663 35fundantur
385 3606 416 3663 in
445 3606 614 3682 quantitate
647 3626 737 3682 quam
767 3607 938 3664 concretive
971 3606 1176 3664 denominant.

235 3695 277 3751 Ex
300 3693 409 3768 quibus
433 3694 585 3767 colligitur
609 3696 691 3769 quod
715 3694 868 3770 quantitas
895 3694 1021 3769 illaque
1045 3707 1088 3751 est
1113 3705 1234 3750 cor-ana
1250 3706 1395 3761 soquanrin·

194 3780 324 3854 poreitas
348 3782 449 3857 longa,
479 3782 541 3838 lata
571 3795 599 3839 et
628 3783 787 3856 profunda,
817 3784 896 3847 alba,
922 3785 996 3839 dura
1021 3794 1049 3839 et
1071 3781 1177 3856 sapida
1201 3770 1224 3851 ’ᾖ
1236 3758 1293 3852 {21⁰
1295 3756 1385 3865 ‘md

241 4013 265 4053 a.
280 4000 313 4044 A:
334 3998 473 4045 demonium
580 4012 600 4057 7.
617 4004 649 4045 A:
670 4014 820 4057 quamquam.
927 4015 953 4046 n.
968 4001 1020 4046 llll:
1040 4002 1176 4056 imponeret.

193 4047 220 4093 13.
236 4052 287 4095 llll:
303 4065 358 4106 eren
372 4062 464 4099 contra:
480 4054 510 4096 ib.
522 4055 543 4097 A
558 4054 581 4097 iu
599 4068 684 4107 niara:
701 4065 720 4098 ι·
736 4056 810 4103 rat-im
824 4054 843 4098 13
859 4055 881 4097 in
897 4067 981 4111 maru:
997 4057 1176 4109 Argumentum.

193 4117 223 4156 rr,
239 4105 266 4148 15.
282 4106 315 4147 A:
331 4112 392 4147 et—
424 4107 546 4150 narrtitarcs
561 4108 632 4151 deest.
714 4108 922 4152 ramunchou:
946 4070 1177 4151 lllitrnuthemutiei.

192 4168 224 4204 aa.
238 4156 271 4200 23.
286 4160 320 4202 A:
336 4120 462 4202 couceiere
477 4160 549 4202 deest.

227 4298 267 4333 22.
296 4284 336 4333 Ad
362 4298 454 4333 rocem
479 4284 663 4334 Machometici
690 4283 723 4334 cf.
743 4284 865 4350 Wyclil's
889 4296 961 4334 tract.
986 4285 1113 4335 maiorem
1139 4285 1177 4334 De

192 4352 430 4472 {leqrtpogwfilpiristi
451 4354 518 4418 (MS)
538 4370 594 4420 cap.
609 4356 646 4403 V:
668 4355 695 4402 ln
717 4355 768 4403 hoc
788 4354 873 4403 differt
891 4366 961 4403 secta
983 4355 1141 4405 hlachometi
1163 4370 1176 4402 a
