3166 5212
195 482 447 570 senuoxxxvrul
552 503 709 554 saeuum
732 504 825 554 rins.

195 681 223 723 et
248 663 521 738 evangelizantibus
550 664 732 720 extrinsecus
757 678 956 721 maturantur.
982 665 1060 741 Ego,
1083 663 1180 738 inquit

194 752 368 827 Apostolus,
390 751 533 827 plantavi,
549 751 655 828 Apollo
672 751 792 829 rigavit,
810 752 890 808 Ilens
909 763 1004 808 cirtem
1021 752 1179 808 incremen-

194 854 254 896 tum
279 840 366 896 dedit.
393 838 442 895 lsti
473 853 574 895 autem
599 838 641 895 sic
670 839 812 895 maturati
837 838 973 912 indigent
1001 851 1032 894 ut
1056 838 1182 896 ulterius

195 927 225 983 in
264 928 372 984 celeste
408 928 549 983 horreum
590 925 802 987 immittantur,
840 927 891 981 sed
927 926 1059 1000 operarii
1097 924 1181 982 istius

171 1013 364 1082 §ministerii
399 1015 456 1070 hoc
489 1028 542 1084 est,
576 1012 782 1087 predicatores
817 1012 953 1069 efficaces
987 1027 1057 1069 sunt
1095 1014 1181 1070 valde

195 1101 293 1176 pauci,
319 1115 351 1157 ut
376 1114 458 1175 patet
480 1120 513 1157 ex
538 1099 658 1157 malicia
675 1101 878 1156 sacerdotum.
904 1102 973 1156 ldeo
998 1120 1065 1157 cum
1091 1119 1182 1157 omne

196 1192 310 1245 donum
340 1189 505 1262 perfectum
536 1190 691 1244 desursum
723 1186 877 1243 descendit
906 1206 922 1243 a
946 1187 1094 1244 Trinitate
1124 1207 1181 1262 que

197 1290 240 1332 est
264 1288 349 1350 pater
367 1274 524 1341 luminum,
550 1274 661 1331 Christi
678 1274 807 1348 apostoli
825 1276 933 1331 debent
954 1294 1059 1348 rogare
1083 1274 1180 1349 ipsum

196 1362 248 1438 qui
272 1376 315 1419 est
339 1362 480 1419 dominus
510 1361 597 1418 huius
627 1361 731 1419 messis
760 1375 792 1418 ut
817 1361 916 1418 mittat
945 1381 995 1418 eos
1024 1376 1181 1437 tamquam

156 1469 186 1503 ιο
196 1449 352 1525 operarios
377 1449 406 1506 in
432 1468 559 1506 messem
584 1452 659 1506 bene
688 1448 866 1523 dispositam
895 1463 1020 1524 propter
1044 1450 1102 1506 hoc
1127 1449 1180 1505 mi-

196 1536 352 1594 nisterium
377 1551 439 1594 tam
464 1536 601 1610 largiflue
626 1536 829 1611 premiandos.

240 1627 281 1680 Ex
305 1642 365 1698 quo
389 1638 511 1681 notatur
535 1626 616 1698 quod
641 1625 714 1679 nulli
732 1624 925 1700 predicabant
948 1624 1003 1679 nisi
1029 1624 1182 1679 mittantur
1197 1619 1398 1715 H⁰ffrlfsffi¹¹⁰f⁵

197 1719 240 1781 (ut
268 1709 377 1767 dicitur
405 1713 443 1767 ad
473 1714 559 1768 Rom.
584 1713 636 1781 X0,
670 1712 730 1784 15).
761 1710 791 1767 Si
820 1724 921 1767 autem
956 1709 1091 1766 minister
1119 1730 1181 1767 non
1268 1690 1280 1714 ι
1307 1686 1318 1715 e
1347 1703 1352 1714 ’

198 1798 328 1854 mittitur
352 1817 369 1854 a
394 1797 515 1854 Christo
540 1800 578 1854 ad
603 1798 682 1853 istud
707 1796 853 1868 oflicium,
883 1798 990 1854 furtive
1014 1797 1181 1871 ingreditur

157 1893 184 1942 ri
197 1898 353 1960 tamquam
371 1887 468 1959 lupus.
487 1888 523 1941 Et
540 1904 572 1941 ex
591 1884 648 1941 isto
665 1897 745 1941 textu
763 1884 871 1958 prelati
882 1884 987 1941 cesarii
1006 1885 1181 1959 blaspheme

197 1974 347 2029 blaterant
380 1975 461 2047 quod
496 1972 550 2028 nisi
586 1972 642 2046 ipsi
675 1971 834 2028 licencient
868 1985 1135 2047 quantumcunque
1164 1992 1181 2028 a

197 2062 260 2116 Deo
290 2059 404 2116 habiles
434 2079 494 2115 non
519 2058 588 2116 licet
612 2059 669 2116 illis
693 2060 808 2133 populo
832 2059 999 2132 predicare.
1029 2062 1065 2114 Et
1094 2078 1181 2131 argu-

197 2160 330 2203 mentum
355 2149 392 2203 ad
419 2150 475 2203 hoc
499 2151 640 2221 estquod
659 2160 778 2220 oportet
803 2148 883 2220 quod
910 2145 1068 2202 mittantur
1084 2165 1101 2202 a
1119 2148 1182 2202 Deo

197 2236 233 2291 ad
260 2234 333 2289 illud
350 2233 499 2292 ol'ticium:
524 2254 595 2306 ergo
619 2248 739 2309 oportet
757 2236 838 2306 quod
864 2234 901 2289 ab
925 2233 983 2288 illis
1008 2232 1181 2289 mittantur:

154 2340 253 2395 :oque
278 2319 498 2394 consequentia
521 2340 582 2377 non
608 2323 731 2378 haberet
756 2322 887 2377 colorem
913 2318 970 2375 nisi
995 2320 1037 2375 illi
1062 2334 1182 2394 satrape

197 2409 303 2464 forent.
329 2412 406 2481 Sepe
423 2407 544 2482 quidem
563 2408 710 2480 contingit
732 2409 813 2482 quod
831 2426 935 2463 eorum
953 2407 1070 2464 retacio
1094 2421 1181 2464 nocet

197 2497 319 2570 populo,
345 2514 412 2551 cum
439 2514 575 2568 expresse
592 2495 650 2551 sint
674 2495 704 2552 in
721 2494 855 2568 capitulo
879 2493 1088 2568 phariseorum
1107 2514 1182 2569 quos

197 2583 332 2640 Christus
355 2585 447 2646 (luce
471 2585 535 2652 ΧΨ,
557 2584 606 2651 52)
630 2582 672 2639 sic
696 2584 820 2639 salutat:
844 2582 882 2637 Ve
900 2581 978 2636 nobis
995 2583 1182 2659 legisperitis,

196 2671 260 2745 quia
289 2671 395 2726 tulistis
418 2671 529 2726 clavem
557 2670 687 2739 sciencie,
714 2670 770 2745 ipsi
797 2689 852 2725 non
881 2669 1022 2725 introistis
1051 2680 1077 2724 et
1105 2670 1183 2744 ipsos

154 2765 184 2814 25
197 2758 244 2832 qui
266 2757 421 2812 introibant
434 2758 633 2832 prohibuistis.
659 2758 804 2814 Aulerunt
822 2769 921 2813 autem
941 2755 1048 2829 prelati
1066 2758 1181 2812 clarem

197 2843 334 2905 sciencie,
364 2846 486 2917 quando
510 2844 649 2901 videntur
678 2845 753 2900 ferre
782 2842 992 2917 potestativam
1019 2842 1180 2900 scienciam

197 2945 225 2987 et
249 2944 350 2986 tamen
375 2931 633 3004 inpresenciarum
659 2931 712 2988 Dei
736 2930 865 2988 sciencie
889 2944 957 2985 sunt
981 2944 1125 3004 expertes,
1154 2944 1182 2986 et

198 3017 266 3073 hinc
291 3016 346 3091 ipsi
371 3036 426 3074 nec
446 3031 575 3091 pascunt
599 3037 669 3074 ores
685 3017 782 3074 verbis
799 3017 969 3074 salubribus
986 3019 1037 3073 sed
1056 3035 1181 3075 veneno.

197 3123 251 3161 nec
284 3103 462 3178 permittunt
496 3108 576 3179 quod
609 3104 660 3161 alii
695 3105 775 3161 docti
808 3119 836 3160 et
871 3103 952 3160 missi
983 3122 999 3160 a
1029 3108 1093 3160 Deo
1126 3105 1183 3160 hoe

155 3190 310 3251 lofaciunt
343 3210 376 3247 ex
409 3210 464 3247 suo
493 3192 572 3248 fastu
601 3205 629 3247 et
658 3205 764 3266 questu
797 3188 919 3248 iridubie
954 3191 1027 3246 moti
1057 3194 1095 3247 ad
1126 3192 1182 3247 hoc

196 3277 310 3335 lacinus
327 3280 574 3352 perpetrandum.
598 3282 658 3336 Nec
676 3277 763 3335 video
785 3280 940 3352 quomodo
962 3277 1183 3335 ecclesiasticus

196 3378 296 3439 posset
325 3365 481 3439 patencius
515 3368 643 3439 prodere
673 3369 767 3422 Deum
802 3385 899 3435 suum,
928 3378 992 3421 tum
1022 3365 1093 3439 quia
1121 3384 1181 3422 non

196 3451 291 3526 pascit
324 3454 374 3508 sed
405 3453 539 3526 depascit
568 3471 688 3526 gregem
718 3452 851 3521 Domini,
886 3466 949 3508 tum
984 3452 1079 3509 eciam
1112 3452 1182 3526 quia

196 3558 296 3596 servos
320 3558 396 3613 quos
421 3540 569 3596 Dominus
594 3540 731 3597 liabilitat
756 3554 846 3613 atque
871 3539 962 3595 mittit
987 3542 1129 3614 reprobat
1154 3553 1182 3596 et

154 3634 183 3685 35
196 3626 324 3700 expellit.

240 3712 322 3770 licet
347 3727 447 3770 autem
473 3733 542 3770 raro
567 3714 721 3788 contingat
746 3712 984 3770 sermocinantes
1013 3714 1123 3786 lingere
1152 3733 1182 3770 se

197 3800 275 3856 mitti
291 3820 308 3857 a
326 3803 399 3871 Deo,
417 3820 485 3857 eum
504 3803 561 3858 hoc
579 3804 660 3876 quod
677 3801 736 3857 sint
757 3801 818 3875 lupi
837 3801 965 3857 heresim
989 3800 1181 3857 seminantes.

247 3967 265 4010 3.
282 3970 315 4011 A:
331 3968 375 4010 nn
388 4000 392 4008 .
405 4001 409 4009 .
423 4001 427 4010 .
441 4001 445 4010 .
457 3976 578 4011 maturata.
634 3981 665 4011 ro.
682 3982 707 4011 rr.
722 3972 756 4012 A:
772 3968 892 4023 operarios
906 3991 931 3999 ·-
946 3968 1096 4022 prerniuudos
1111 3969 1182 4011 deest.

196 4021 224 4064 ri.
240 4022 258 4064 li
274 4022 295 4063 iu
312 4033 397 4073 niune:
413 4021 497 4064 Nullus
512 4021 613 4075 predicet
629 4021 671 4063 iri-t
688 4021 798 4064 mittatur.
842 4034 873 4072 14.
885 4020 936 4063 llll:
952 4020 1031 4063 l'urtim
1047 4020 1182 4073 ingreditur.

196 4086 224 4127 ις.
240 4073 258 4116 li
274 4074 295 4115 iu
313 4086 398 4127 murga
414 4075 585 4128 Argumentum
602 4086 645 4126 pro
661 4073 771 4116 missione
787 4073 967 4127 predicatorum.
1037 4074 1067 4115 rs.
1083 4074 1117 4116 A:
1133 4086 1183 4115 mu-

195 4133 279 4168 tantur.
344 4126 511 4181 tp..l:istud.
577 4125 867 4178 er.1rinrnarp.:1rem.
935 4125 1182 4179 ealltintempore.

195 4177 227 4220 23.
244 4178 261 4219 li
277 4178 297 4235 iu
315 4190 399 4231 uturp:
416 4177 532 4219 Salrrtaeio
548 4178 718 4233 phari—eornm.
767 4190 801 4231 24.
818 4177 870 4221 1an
885 4177 924 4232 qui
940 4177 1037 4223 tulistis:
1053 4180 1087 4221 A:
1102 4176 1182 4220 tulisti.

195 4230 227 4273 25.
244 4230 261 4271 li
277 4242 298 4271 ιιι
316 4242 401 4281 tuate:
423 4230 505 4272 l’reluti
521 4237 627 4272 aruerunt
642 4231 729 4273 runem
746 4230 851 4273 sciencie.
866 4229 935 4272 Nota.
1030 4232 1063 4272 28.
1078 4231 1113 4273 A:
1136 4241 1182 4273 non

196 4290 300 4335 priscum.
407 4293 443 4335 aq.
459 4283 492 4323 A:
515 4282 635 4336 peruritrit.
742 4280 777 4325 Ilo.
795 4282 845 4325 lili:
861 4282 958 4333 lucinnt;
979 4281 1011 4323 ib.
1028 4284 1062 4324 A:
1084 4294 1111 4324 ex
1126 4293 1181 4335 quo.

195 4334 228 4381 le,
243 4333 275 4375 :ll
291 4334 325 4376 A:
341 4340 389 4376 turn
405 4357 430 4364 -
445 4334 538 4375 llomiui
554 4334 624 4377 deest.
680 4332 711 4376 llll.
724 4337 757 4377 A:
773 4341 821 4377 tum
837 4341 865 4376 et.
921 4332 956 4386 34.
968 4335 1001 4376 A:
1017 4333 1140 4376 luimilitat.

249 4456 272 4491 2.
294 4444 301 4491 l
323 4444 382 4491 Cur.
404 4443 445 4504 lll,
464 4442 488 4492 6.
