3166 5212
592 484 1121 536 Jonattmswrcmrsanuottun
1168 463 1359 554 [srmoixr.

370 659 593 703 sacramentum
628 662 692 702 esse
722 663 825 702 verum
855 663 965 719 panem
996 645 1048 719 qui
1076 645 1261 703 offerebatur
1289 658 1359 703 ante

371 733 648 802 consecracionem,
677 746 706 788 et
735 731 870 789 defendit
899 731 1094 806 pertinaciter
1117 746 1236 808 partem
1260 752 1358 805 suam,

370 835 413 878 est
439 821 595 877 manifeste
620 818 761 876 heretica.

159 917 239 961 Friars
254 920 311 962 stow
326 926 350 960 ro
414 909 483 965 ldeo
508 906 765 965 communicando
793 926 862 964 cum
893 906 1036 964 fratribus
1059 925 1120 963 non
1145 907 1268 964 confero
1299 908 1359 965 illis

171 970 341 1065 ⁵³*'1,{,⁹,¹{³,¹„¹¹'⁰
370 995 573 1051 communiter
598 1013 782 1070 quamquam
814 993 1012 1052 elemosinam
1041 993 1098 1050 nisi
1127 993 1255 1052 dixerint
1284 995 1384 1052 mibi5

370 1082 442 1157 quid
459 1081 489 1138 in
506 1095 614 1139 natura
630 1100 684 1137 sua
700 1081 737 1138 sit
754 1082 812 1138 hoc
827 1094 1052 1139 sacramentum
1069 1083 1151 1156 quod
1169 1097 1357 1139 consecrant.

370 1172 407 1225 Et
430 1168 528 1244 reperi
554 1169 665 1225 multos
688 1168 719 1225 in
736 1168 794 1226 fide
810 1188 864 1226 sua
881 1169 1041 1244 dyabolica
1063 1168 1191 1239 variare,
1215 1169 1258 1226 sic
1276 1171 1358 1245 quod

368 1256 414 1313 vix
439 1258 514 1313 duos
538 1255 637 1330 reperi
661 1255 691 1311 in
716 1258 842 1313 eandem
867 1256 1051 1314 sentenciam
1077 1256 1258 1313 consentire.
1298 1259 1357 1314 Sed

370 1345 462 1400 modo
486 1343 590 1400 dicunt
614 1343 806 1400 concorditer
835 1343 921 1400 multi
950 1357 979 1402 et
1008 1343 1108 1417 magni
1137 1362 1244 1401 eorum
1275 1345 1357 1418 quod

369 1433 427 1488 hoc
450 1444 674 1488 sacramentum
699 1429 792 1487 nichil
815 1431 863 1502 sit,
887 1449 942 1488 nec
966 1431 1068 1488 album
1093 1449 1149 1489 nec
1174 1432 1283 1488 durum
1301 1449 1358 1487 nec
1374 1452 1402 1486 ιο

368 1520 532 1575 rotundum
559 1531 587 1575 et
611 1517 653 1574 sic
678 1519 714 1574 de
742 1517 808 1574 aliis
832 1517 1137 1575 denominacionibus
1161 1518 1355 1593 qualitatum,

177 1632 324 1688 Tlreyagree
368 1607 421 1662 sed
459 1619 502 1662 est
540 1606 659 1674 albed0,
694 1604 834 1675 duricies,
873 1606 1045 1662 rotunditas
1077 1618 1106 1662 et
1138 1604 1181 1662 sic
1214 1607 1251 1662 de
1289 1605 1357 1662 aliis

159 1686 348 1781 ξεοξῑξζῃῇξξΐ
368 1692 527 1766 generibus
556 1691 764 1749 accidencium
798 1692 975 1767 aggregatis,
1006 1706 1035 1749 et
1067 1692 1110 1750 ita
1143 1692 1249 1749 dicunt
1281 1691 1357 1749 illud

171 1789 334 1851 recide-utqui
368 1779 462 1837 nichil
486 1797 549 1837 esse
577 1797 633 1836 nec
662 1798 750 1853 posse
778 1798 841 1836 esse
870 1798 981 1855 corpus
1005 1779 1117 1836 Christi
1146 1798 1201 1837 nec
1230 1798 1294 1837 esse
1319 1781 1356 1836 ab

152 1842 228 1886 W'mh
239 1841 356 1887 cmm
368 1867 471 1942 aliquo
495 1868 701 1936 adorandum3
730 1867 865 1924 venerari
894 1881 996 1924 tamen
1026 1868 1114 1924 debet
1142 1880 1268 1943 propter
1298 1869 1400 1924 hoc15

368 1956 450 2029 quod
474 1972 584 2029 corpus
609 1953 720 2011 Christi
745 1953 942 2028 spiritualiter
966 1967 1010 2011 est
1034 1953 1064 2011 in
1088 1953 1150 2011 illo.
1191 1954 1357 2029 Applicans

368 2056 468 2099 autem
503 2042 591 2098 istam
626 2040 784 2098 materiam
818 2043 856 2098 ad
889 2055 1035 2116 punctum
1060 2041 1257 2098 ⁴difficultatis
1285 2060 1356 2115 sepe

369 2128 437 2186 dico
466 2130 548 2203 quod
575 2147 637 2186 non
665 2127 802 2203 queritur
837 2128 909 2203 quid
934 2128 972 2185 sit
1001 2127 1052 2198 ibi,
1082 2128 1153 2204 quia
1181 2128 1244 2186 scio
1273 2130 1355 2204 quod

368 2230 411 2273 est
447 2215 488 2272 ibi
522 2230 587 2273 tota
618 2215 761 2285 Trinitas,
795 2233 852 2290 que
885 2229 929 2272 est
961 2215 1050 2289 longe
1086 2215 1193 2272 melior
1226 2233 1356 2290 corpore

166 2313 232 2368 ‘thee
247 2325 285 2355 are
300 2320 340 2373 nor
369 2303 481 2361 Christi
497 2304 543 2360 vel
560 2302 619 2360 alia
636 2316 784 2360 creatura.
809 2303 868 2359 Sed
885 2316 980 2360 totam
999 2302 1208 2360 difficultatem
1233 2301 1356 2378 applico
1367 2326 1399 2361 20

153 2365 406 2463 ,ξίξζάζζῗῖξῆζῑεά
432 2393 510 2447 hunc
534 2404 680 2465 punctum
704 2390 777 2465 quid
805 2389 844 2446 sit
869 2391 926 2447 hoc
954 2390 1095 2447 sensibile
1119 2402 1355 2460 sacramentum,

226 2470 242 2513 ³¹
257 2470 285 2513 ἰδ’·
369 2480 451 2553 quod
475 2480 616 2535 sacerdos
640 2477 682 2534 sic
707 2489 817 2533 tractat
841 2490 870 2533 et
894 2478 1023 2551 populus
1048 2477 1089 2534 sic
1114 2479 1254 2535 honorat.
1294 2480 1356 2534 Nec

367 2564 455 2622 video
479 2567 560 2640 quod
578 2577 702 2639 propter
726 2565 784 2621 boc
808 2565 889 2639 quod
914 2582 1024 2639 corpus
1041 2563 1153 2622 Christi
1178 2578 1222 2621 est
1246 2564 1276 2621 in
1293 2563 1356 2634 illo,

368 2652 438 2709 licet
476 2652 574 2726 ipsum
614 2651 651 2707 sit
690 2651 843 2708 inlinitum
877 2651 1089 2726 imperfeccius
1128 2670 1218 2726 quam
1253 2651 1357 2726 aliqua

369 2739 534 2797 materialis
551 2738 734 2809 substancia,
752 2740 833 2813 quod
853 2738 951 2812 ipsum
969 2737 1006 2794 sit
1023 2737 1124 2796 taliter
1139 2740 1356 2796 venerandum.
1368 2748 1398 2799 25

368 2830 444 2884 Nam
470 2828 635 2884 secundum
654 2825 783 2883 heresim
807 2825 930 2882 illorum
948 2825 1080 2900 quelibet
1098 2826 1264 2883 materialis
1287 2827 1357 2882 sub·

368 2914 484 2971 stancia
508 2927 551 2971 est
575 2912 642 2987 ipso
666 2912 849 2988 perfeccius;
882 2927 911 2970 et
934 2925 1082 2988 quantum
1111 2915 1150 2970 ad
1174 2913 1248 2970 illud
1273 2914 1356 2988 quod

368 3001 398 3058 in
432 3001 497 3076 ipso
526 2999 623 3058 existit
652 3000 785 3075 quelibet
813 3014 915 3057 creata
942 2999 1117 3057 substancia
1146 3001 1237 3058 habet
1263 3000 1296 3057 in
1325 3018 1357 3056 se

367 3107 445 3163 eque
478 3088 641 3162 perfectam
677 3107 740 3145 rem
775 3086 851 3144 sicut
884 3089 942 3144 hoc
975 3100 1209 3145 sacramentum.
1243 3090 1280 3144 Et
1313 3087 1357 3144 sic

367 3176 486 3232 videtur
511 3175 583 3231 mihi
612 3176 694 3250 quod
722 3188 804 3231 totus
833 3177 963 3231 mundus
991 3176 1158 3232 secundum
1187 3173 1357 3250 quamlibet
1368 3186 1401 3236 30

368 3262 432 3320 eius
456 3276 574 3338 partem
600 3262 637 3319 sit
662 3281 738 3337 eque
754 3264 943 3319 venerandus
965 3262 1184 3336 genuflexione,
1209 3280 1355 3319 manuum

369 3350 540 3407 elevacione
564 3363 592 3406 et
609 3349 717 3424 capitis
741 3348 952 3420 inclinacione,
976 3349 1053 3407 sicut
1069 3350 1201 3425 populus
1225 3350 1360 3406 honorat

369 3440 426 3494 hoc
449 3437 619 3493 venerabile
643 3450 879 3507 sacramentum,
904 3436 975 3512 quia
994 3450 1056 3494 tam
1081 3436 1239 3494 continens
1263 3455 1356 3513 quam

369 3538 545 3582 contentum
570 3538 613 3581 est
638 3536 700 3581 tam
726 3526 929 3599 approbatum
954 3526 1036 3599 apud
1060 3527 1167 3582 Deum.

164 3617 229 3713 {0¹¹5ss
241 3617 341 3713 iCshppqtrg
412 3615 473 3668 Nec
497 3612 614 3668 dicetur
637 3613 720 3686 quod
744 3611 891 3668 habitudo
914 3611 1013 3669 verior
1037 3611 1202 3686 superioris
1226 3611 1280 3680 rei,
1298 3629 1359 3686 que
1371 3623 1401 3674 35

158 3716 270 3766 does‘not
285 3724 352 3766 mate
369 3713 412 3755 est
436 3712 545 3756 natura
569 3699 670 3755 divina
694 3717 785 3773 quam
811 3698 920 3756 realius
945 3700 1003 3756 hoc
1027 3711 1253 3756 sacramentum
1278 3698 1359 3755 inse

160 3776 345 3871 ¹¹¹}Jssss'affigf0
368 3786 514 3854 continet,
538 3805 599 3843 non
624 3787 735 3843 faceret
760 3787 817 3842 hoc
841 3798 1065 3844 sacramentum
1095 3788 1162 3861 plus
1184 3785 1359 3844 venerabile

368 3892 459 3949 quam
484 3873 596 3930 faceret
621 3873 768 3930 habitudo
793 3873 930 3949 corporis
947 3874 1060 3931 Christi
1084 3873 1114 3930 in
1131 3873 1198 3949 ipso
1222 3872 1359 3931 contenti

367 3960 563 4036 improprius.
587 3960 618 4019 Si
636 3961 717 4018 enim
733 3961 893 4018 veneracio
910 3962 956 4019 vel
974 3961 1121 4018 adoracio
1145 3963 1235 4018 debet
1251 3959 1359 4018 referri

420 4179 439 4222 3.
454 4180 486 4222 ll:
502 4193 552 4223 esse
562 4212 568 4221 .
580 4212 585 4222 .
599 4182 747 4224 hereticam.
817 4193 837 4235 7.
853 4180 905 4223 DE:
921 4181 1013 4224 variari.
1080 4181 1101 4223 8.
1117 4180 1176 4224 Ain
1192 4192 1280 4235 marg.:
1296 4179 1359 4224 Nota

367 4233 396 4274 de
412 4240 555 4275 sacramento
570 4234 656 4275 altaris.
699 4232 933 4276 tt.DE:etceteris.
976 4244 1004 4276 12.
1019 4232 1072 4276 DE:
1088 4240 1109 4275 et
1124 4233 1212 4276 ceteris.
1255 4245 1289 4286 ¹4·
1304 4231 1359 4276 DE:

368 4285 437 4326 nichil
453 4297 501 4326 nec.
551 4286 581 4327 ra.
592 4287 625 4328 A:
641 4285 711 4328 dicto.
761 4298 791 4331 to.
807 4286 827 4328 D
842 4285 865 4328 in
881 4298 967 4345 marga
983 4286 1007 4329 ltt
1023 4292 1168 4328 sacramento
1182 4284 1310 4328 eukaristie
1323 4292 1360 4327 est

368 4344 416 4378 tota
430 4336 541 4379 Trinitas.
596 4337 631 4380 26.
647 4339 680 4380 A:
697 4334 825 4380 secundum
841 4339 917 4385 deest:
933 4337 963 4380 ib.
979 4337 1031 4380 DE:
1047 4350 1141 4388 eomm;
1161 4338 1193 4380 ib.
1207 4336 1228 4380 b
1243 4337 1266 4380 in
1283 4349 1359 4393 marg.

369 4401 430 4430 man.
446 4397 519 4443 post:
540 4389 677 4443 intelligitur
696 4389 723 4431 de
738 4390 865 4435 dilinitate.
881 4402 925 4445 que
939 4402 998 4445 eque
1013 4390 1112 4444 perfecte
1126 4397 1160 4434 est
1174 4391 1199 4433 in
1213 4389 1281 4434 omni
1295 4401 1360 4435 crea·

368 4449 428 4489 tura,
444 4453 489 4483 non
505 4441 534 4484 sit
548 4454 635 4497 corpus
649 4442 745 4486 Christi.
