3166 5212
589 466 1116 520 tonanntswrcurrsaanortun
1163 447 1355 539 [samona.

367 634 394 688 in
423 651 467 688 me
495 641 590 687 manet
618 642 644 686 et
673 647 728 707 ego
758 629 785 684 in
814 629 872 684 illo.
908 631 967 684 lsta
995 640 1096 684 autem
1127 627 1282 685 conclusio
1312 645 1360 685 ex·

367 721 471 796 planat
495 717 656 776 correlarie
673 715 745 792 quid
770 728 815 772 est
838 714 1038 789 spiritualiter
1062 717 1263 772 manducare:
1289 734 1360 773 cum

368 807 448 865 enim
472 805 575 863 anima
599 803 640 861 ibi
664 804 702 860 sit
726 803 777 858 ubi
802 801 943 874 aflicitur,
969 815 1052 877 patet
1078 804 1160 877 quod
1185 802 1360 877 recipiendo

368 896 405 951 de
429 893 486 950 hiis
510 891 648 968 partibus
672 889 785 948 Christi
814 892 953 947 devotam
988 889 1168 947 memoriam
1192 892 1359 947 secundum

367 995 427 1038 tres
451 980 573 1038 ordines
603 976 770 1054 spiritualis
799 976 977 1052 digestionis
1007 977 1038 1034 in
1066 977 1192 1035 homine
1221 976 1385 1035 interiori5

368 1069 410 1126 sic
434 1071 541 1125 devote
565 1068 701 1124 recolens
726 1078 827 1122 manet
851 1064 881 1120 in
898 1064 1029 1136 Christo,
1055 1084 1122 1122 cunr
1140 1084 1211 1122 suus
1235 1064 1360 1139 spiritus

369 1155 420 1231 qui
446 1168 490 1212 est
506 1168 571 1212 tota
596 1151 796 1230 personalitas
813 1171 867 1210 sua
885 1167 987 1210 manet
1004 1152 1034 1208 in
1051 1153 1127 1227 ipso.
1153 1155 1215 1210 Nec
1231 1153 1359 1210 dubium

369 1243 442 1319 quin
467 1255 591 1299 econtra
616 1241 753 1301 Christus
784 1254 885 1297 manet
916 1241 1081 1297 secundum
1111 1239 1299 1297 divinitatem
1328 1239 1360 1296 in

371 1330 423 1387 illo
448 1342 477 1386 et
500 1348 554 1404 per
578 1328 726 1403 graciam3
757 1340 785 1384 et
810 1329 975 1385 secundum
1005 1327 1226 1385 humanitatem
1255 1340 1359 1385 manet

368 1419 399 1474 in
423 1417 476 1473 illo
500 1419 667 1474 secundum
684 1434 747 1473 esse
771 1414 928 1490 spirituale
948 1417 987 1472 ad
1011 1414 1241 1473 edificacionem
1258 1414 1360 1473 anime
1374 1433 1404 1469 ιο

368 1504 411 1562 sic
435 1503 576 1561 amantis.

151 1603 358 1664 Hopvclrrstcats
413 1592 561 1666 Explanat
593 1602 695 1647 autem
725 1587 862 1646 Christus
896 1587 1006 1645 clarius
1036 1589 1126 1646 istam
1158 1587 1359 1646 sentenciam:

158 1655 349 1765 afffftffeeyfuffiffi,
369 1679 459 1752 Sicut,
483 1677 591 1754 inquit,
615 1677 692 1733 misit
715 1696 760 1733 me
784 1676 882 1733 vivens
898 1676 997 1749 Pater,
1020 1687 1048 1732 et
1070 1694 1126 1754 ego
1151 1676 1215 1733 vivo
1234 1687 1362 1753 propter

370 1767 499 1840 Patrem,
528 1777 555 1823 et
581 1765 631 1841 qui
658 1766 815 1820 manducat
841 1781 886 1819 me
913 1774 940 1819 et
972 1763 1033 1840 ipse
1061 1764 1137 1821 vivet
1156 1776 1283 1841 propter
1306 1782 1360 1820 me.

368 1857 400 1911 ln
430 1852 487 1910 ista
511 1851 709 1910 similitudine
738 1853 864 1908 docetur
892 1850 1054 1925 dupliciter
1084 1853 1240 1926 quomodo
1268 1855 1404 1909 causarl

369 1939 500 2015 originat
524 1959 611 1998 suum
639 1952 807 1996 causatum.
839 1940 966 1995 Constat
991 1938 1113 2013 quidem
1138 1956 1171 1995 ex
1195 1939 1254 1995 fide
1278 1939 1360 2014 quod

368 2041 455 2103 pater
488 2027 572 2102 prior
605 2038 678 2084 nato
708 2044 763 2082 suo
792 2025 909 2100 origine
939 2025 1112 2083 eternaliter
1144 2039 1248 2083 causat
1280 2044 1360 2096 eum,

368 2134 430 2172 non
463 2114 543 2186 facit,
575 2113 645 2172 licet
678 2113 768 2171 faciat
801 2113 900 2188 ipsum
934 2131 998 2170 esse
1030 2112 1184 2171 hominem
1217 2113 1264 2170 vel
1297 2112 1361 2170 eius

369 2202 603 2260 humanitatem.
629 2204 666 2258 Et
691 2202 964 2275 correspondenter
980 2199 1058 2258 sicut
1075 2204 1163 2260 Pater
1187 2200 1361 2258 eternaliter

373 2303 477 2348 causat
494 2289 602 2347 Filium
628 2302 657 2346 et
680 2307 741 2345 non
766 2287 836 2345 facit
860 2306 928 2344 eum
953 2288 1096 2346 divinitus
1120 2290 1172 2345 sed
1196 2287 1268 2346 facit
1291 2306 1405 2346 eumro

374 2377 559 2449 humanitus,
584 2376 626 2434 sic
650 2375 788 2433 Christus
812 2388 917 2432 causat
940 2376 1082 2433 continue
1105 2393 1181 2451 pure
1205 2374 1360 2433 hominem

373 2466 425 2522 sed
450 2484 512 2522 non
535 2464 606 2522 facit
631 2482 699 2520 eum
725 2461 866 2520 continue
888 2479 953 2519 esse
970 2462 1134 2535 hominem,
1158 2462 1229 2520 licet
1252 2465 1362 2538 proba-

373 2552 473 2608 biliter
497 2551 556 2608 dici
580 2550 676 2626 possit
700 2552 781 2626 quod
805 2569 867 2607 non
891 2550 1034 2608 continue
1057 2549 1128 2608 facit
1151 2549 1285 2608 animam
1310 2552 1363 2608 sed

374 2639 446 2696 lacit
471 2639 613 2696 continue
641 2637 741 2713 ipsum
772 2656 892 2713 corpus,
922 2637 994 2713 quia
1023 2651 1067 2695 est
1094 2637 1237 2695 continue
1264 2636 1295 2694 in
1319 2638 1363 2695 fa-

374 2726 492 2798 ciendo,
521 2727 568 2783 vel
598 2725 714 2783 noviter
742 2744 798 2801 pro
827 2739 965 2800 tempore
992 2724 1138 2782 viacionis
1165 2737 1268 2801 partes
1295 2729 1405 2783 cor-25

373 2814 457 2888 poris
480 2816 532 2870 sed
556 2831 617 2871 non
634 2825 735 2889 partes
753 2813 846 2871 creati
863 2811 996 2887 spiritus,
1022 2811 1159 2887 quamvis
1183 2814 1361 2871 adsensum

375 2900 554 2977 equivocum
588 2900 707 2958 dicatur
740 2902 821 2976 quod
850 2903 931 2957 Deus
963 2918 1083 2975 semper
1111 2900 1182 2958 lacit
1211 2899 1362 2975 quaslibet

371 3001 536 3046 creaturas.
560 2989 632 3045 Vult
657 3007 728 3062 ergo
758 2988 858 3046 dicere
887 2991 969 3063 quod
998 2987 1075 3045 sicut
1099 2990 1188 3046 Pater
1217 2987 1362 3046 continue

370 3088 474 3133 causat
491 3075 600 3133 Filium
619 3087 648 3132 et
665 3074 707 3132 sic
724 3074 817 3133 Filius
838 3075 876 3133 sit
894 3075 1069 3133 eternaliter
1086 3088 1211 3151 propter
1228 3079 1361 3146 Patrem,

369 3163 411 3220 sic
440 3163 491 3238 qui
526 3163 582 3221 rite
611 3165 775 3221 manducat
804 3163 913 3221 Filium
945 3162 1017 3221 vivit
1049 3176 1198 3238 perpetuo
1232 3176 1360 3239 propter
1372 3168 1405 3220 30

370 3251 478 3326 ipsum.
512 3253 598 3309 Unde
632 3252 802 3308 notandum
836 3265 880 3309 est
913 3250 1071 3325 diligenter
1104 3253 1186 3326 quod
1220 3250 1360 3308 Christus

370 3337 503 3395 comedit
528 3340 665 3396 membra
688 3357 742 3395 sua
767 3351 795 3396 et
820 3338 884 3413 ipsa
901 3337 986 3395 illum
1012 3341 1178 3395 secundum
1203 3338 1359 3413 disparem

370 3426 539 3497 racionem3
565 3425 702 3485 Christus
727 3425 807 3483 enirn
833 3426 966 3483 comedit
991 3427 1129 3483 membra
1152 3445 1207 3483 sua
1231 3425 1360 3484 assimu-

370 3513 462 3570 lando
486 3512 537 3570 illa
554 3513 620 3585 sibi,
644 3526 678 3570 ut
703 3525 849 3588 perpetuo
866 3513 896 3570 in
921 3513 1048 3571 ecclesia
1065 3533 1118 3571 sua
1142 3533 1210 3571 cum
1229 3531 1360 3588 corpore

370 3599 429 3657 sint
452 3602 540 3657 beata
557 3603 595 3658 ad
618 3601 848 3658 similitudinem
866 3620 927 3676 qua
943 3603 1036 3659 homo
1053 3600 1185 3659 comedit
1209 3599 1360 3659 cibarium
1374 3606 1404 3656 35

371 3686 581 3762 imperfeccius
605 3690 793 3745 comedente.
819 3690 877 3745 Sed
903 3691 1041 3746 membra
1065 3687 1177 3746 Christi
1203 3687 1360 3746 Christum

371 3777 544 3846 comedunt,
569 3789 601 3832 ut
625 3775 682 3833 sibi
705 3774 904 3850 spiritualiter
920 3775 1100 3833 similentur.
1125 3778 1162 3833 Et
1185 3775 1228 3834 sic
1245 3789 1361 3851 quanta

373 3875 415 3919 est
440 3861 596 3920 diversitas
613 3863 690 3920 inter
714 3876 940 3920 convertentem
958 3862 1061 3921 cibum
1084 3864 1123 3921 ad
1147 3863 1193 3920 sui
1216 3875 1360 3921 naturam

372 3962 400 4005 et
433 3948 534 4006 cibum
571 3968 748 4008 conversum
787 3952 825 4007 ad
859 3964 999 4008 naturam
1034 3950 1159 4022 edentis,
1191 3963 1277 4008 tanta
1316 3962 1362 4008 est

424 4112 439 4142 1.
450 4098 469 4142 E
479 4099 501 4142 in
514 4112 598 4195 marp:
614 4100 749 4155 specialiter
760 4101 908 4144 manducare.
950 4099 969 4144 3.
979 4103 1014 4144 A:
1030 4113 1082 4144 vere
1092 4101 1129 4144 sit.
1169 4100 1188 4146 5.
1198 4103 1233 4145 A:
1248 4101 1362 4147 hominis.

371 4152 393 4199 8.
404 4163 426 4207 9.
437 4154 471 4195 A:
488 4164 557 4195 secun
576 4165 615 4212 um
630 4176 655 4183 -
670 4159 748 4213 manet
760 4153 833 4214 deest.
908 4166 939 4208 ¹4·
950 4155 984 4197 A:
1001 4153 1064 4197 vivit.
1141 4153 1170 4198 15.
1180 4155 1214 4198 A:
1229 4154 1259 4199 tri
1278 4155 1362 4200 liciter.

371 4203 402 4247 25.
413 4205 448 4246 A:
461 4205 494 4247 vel
506 4205 581 4257 deest;
597 4205 627 4247 rb.
639 4205 690 4248 DE:
707 4218 820 4249 vractoms
835 4207 905 4250 deest.
960 4207 994 4250 28.
1009 4208 1043 4249 A:
1059 4218 1114 4262 ergo
1129 4206 1200 4250 deest.
1268 4219 1284 4250 r.
1301 4206 1321 4251 D
1336 4207 1361 4252 in

372 4267 456 4362 pparpp:
475 4255 754 4353 {ineptarpslllptpepsetne3
777 4257 1058 4366 lagpnffiaripimfiparppltps
1072 4259 1174 4302 comedit
1188 4260 1294 4304 membra
1310 4273 1361 4304 sua.

427 4416 466 4467 13.
484 4415 543 4466 toa.
560 4417 603 4480 vr,
623 4416 663 4467 58.
