3166 5212
223 473 327 527 snum
342 458 386 547 1.]
578 479 740 533 secunus
760 480 856 532 nans.

223 653 251 696 et
268 639 334 697 aliis
350 639 486 713 patribus
502 638 655 714 prioribus
672 657 705 697 mr
721 643 847 698 traduce
863 642 915 698 sed
931 640 1063 698 naturali
1084 640 1209 698 racione

223 746 283 802 qua
311 745 372 784 non
396 726 597 801 degeneravit.
626 727 708 784 Abiit
732 741 834 784 autem
858 727 890 784 in
913 727 1068 802 regionem
1093 727 1210 802 longin-

223 833 325 889 quam,
355 815 477 888 quando
506 813 681 871 incarnatus
710 833 742 871 se
770 814 869 889 ipsum
894 814 1055 872 exinanivit
1079 815 1209 871 sormam

223 900 299 958 servi
316 900 478 975 accipiens.
502 900 594 974 Regio
611 915 715 958 autem
731 901 895 976 longinqua
912 916 956 958 est
973 916 1068 958 status
1085 901 1209 958 humani

199 988 341 1062 §generis
362 988 413 1062 qui
435 989 522 1045 valde
543 987 635 1045 distat
657 1007 673 1046 a
695 1001 775 1044 statu
803 987 979 1058 divinitatis,
997 1003 1026 1045 et
1042 989 1095 1045 illa
1111 988 1210 1045 abicio

225 1075 285 1131 sive
309 1073 452 1132 discessio
476 1087 521 1131 est
543 1093 598 1150 per
622 1094 653 1132 se
676 1074 759 1132 verbi
784 1074 962 1131 minoraclo.
987 1077 1086 1132 Causa
1110 1088 1212 1132 autem

225 1162 339 1222 smalis.
354 1162 440 1218 huius
470 1161 617 1219 abicionis
641 1161 696 1218 fuit
719 1160 858 1235 graciosa
881 1161 1009 1219 dileccio
1033 1161 1213 1220 salvationis

225 1249 350 1307 ecclesie
366 1247 532 1305 militantis.
553 1251 623 1306 Post
639 1268 723 1306 arras
739 1263 841 1306 autem
854 1247 1078 1324 redempcionis
1089 1249 1214 1306 humani

225 1336 342 1410 generis
376 1349 404 1393 et
437 1337 622 1410 completum
657 1335 875 1394 commercium
909 1353 1052 1404 reversus,
1073 1350 1117 1394 est
1145 1354 1214 1393 cum

184 1437 311 1498 roparte
341 1422 493 1497 captivata
521 1425 686 1501 ascendens
715 1423 747 1481 in
770 1425 867 1481 celum
893 1437 922 1480 et
946 1437 1015 1499 post
1040 1423 1215 1481 missionem

225 1510 355 1585 Spiritus
384 1510 486 1567 Sancti
510 1525 617 1568 vocata
641 1510 836 1569 universitate
860 1510 1017 1568 hominum
1042 1511 1099 1568 sibi
1123 1510 1215 1568 servi-

1371 1437 1382 1473 Ι

1244 1520 1279 1564 He
1293 1520 1358 1575 gives
1374 1520 1410 1564 his

1256 1580 1361 1616 servants
1376 1586 1402 1616 as

226 1598 344 1655 encium
379 1596 462 1654 dedit
493 1597 552 1655 illis
585 1599 735 1672 gradatim
763 1618 825 1657 non
858 1599 957 1656 solum
987 1601 1066 1656 bona
1095 1599 1214 1655 fortune
1224 1626 1314 1668 ,ewam
1328 1625 1432 1680 thegins

225 1704 284 1760 que
300 1698 369 1742 sunt
387 1684 514 1742 minima
530 1704 586 1742 nec
604 1686 702 1742 solum
721 1688 801 1744 bona
816 1698 925 1743 nature
941 1705 1000 1761 que
1016 1699 1086 1743 sunt
1104 1685 1213 1756 media,
1224 1678 1251 1721 of
1263 1678 1337 1720 ‘'¹⁸¹¹ss
1349 1677 1394 1720 ‘¹¹¹³
1409 1678 1436 1721 οἵ

225 1774 276 1829 sed
306 1774 386 1829 bona
409 1771 528 1830 virtutis
558 1786 586 1829 et
616 1773 717 1847 gracie
740 1792 798 1847 que
827 1785 896 1830 sunt
920 1772 1060 1830 maxima.
1085 1776 1122 1829 Et
1145 1772 1214 1829 ideo

186 1862 322 1917 riLucas
346 1873 435 1916 vocat
460 1877 510 1916 eas
535 1879 621 1917 mnas
646 1873 674 1917 et
699 1861 850 1917 Mattheus
874 1860 998 1917 talenta.

270 1949 316 2003 Ad
341 1946 433 2003 istum
458 1960 558 2003 autem
586 1946 674 2003 finem
697 1945 780 2003 dedit
804 1946 846 2003 eis
871 1945 936 2021 ipsa
960 1959 993 2002 ut
1016 1944 1215 2022 negocientur

225 2032 424 2108 spiritualiter
441 2032 612 2090 edificando
623 2032 777 2108 proximos
794 2047 823 2090 et
834 2036 1042 2108 promovendo
1060 2032 1213 2108 inceptum

225 2121 443 2178 commercium
477 2140 573 2196 usque
606 2123 643 2178 ad
676 2120 756 2178 diem
784 2119 897 2192 iudicii,
927 2123 1049 2195 quando
1078 2119 1215 2177 Christus

225 2208 366 2265 reveniet.
388 2209 472 2266 Cives
488 2219 583 2264 autem
601 2209 670 2280 eius,
688 2210 746 2265 hoc
763 2221 817 2278 est,
835 2209 1008 2265 sacerdotes
1030 2206 1074 2265 sui
1098 2207 1215 2282 generis

182 2317 214 2351 20
225 2296 349 2352 oderunt
376 2297 468 2366 illum,
493 2314 561 2352 cum
590 2313 607 2351 a
636 2308 773 2369 tempore
801 2294 1022 2370 predicacionis
1051 2313 1146 2370 usque
1175 2296 1214 2351 ad

225 2395 354 2440 mortem
371 2382 581 2458 conspirarent
595 2381 626 2437 in
643 2400 712 2438 eum
727 2395 951 2458 persequentes,
967 2381 1038 2457 quia
1054 2382 1161 2438 Matth.
1172 2383 1214 2438 X⁰

224 2488 292 2526 vere
316 2469 441 2528 dicitur:
471 2470 584 2526 Inimici
609 2469 732 2526 hominis
760 2470 910 2527 domestici
936 2470 1004 2526 eius.
1038 2472 1100 2526 Nec
1128 2470 1214 2526 obest

224 2559 305 2631 quod
330 2556 389 2613 sint
413 2558 579 2614 secundum
604 2555 758 2613 racionem
780 2556 933 2631 disparem
957 2555 1072 2613 inimici
1097 2559 1161 2612 Deo
1185 2568 1213 2612 et

224 2643 325 2714 amici,
351 2663 419 2701 cum
444 2643 584 2701 Scarioth
608 2656 709 2718 preter
732 2642 881 2701 intentum
906 2662 1074 2718 procurans
1092 2641 1214 2700 Christo

182 2730 441 2788 riexaltacionem
479 2744 606 2788 vocatur
642 2731 752 2787 amicus
786 2733 832 2803 (ut
870 2743 952 2805 patet
980 2732 1046 2786 Joh.
1079 2731 1212 2803 XVlll⁰).

224 2818 277 2874 lsn·
301 2830 397 2876 autem
426 2819 502 2875 cives
529 2818 701 2893 frequenter
730 2819 870 2874 miserant
903 2816 1027 2888 scribas,
1057 2815 1213 2891 phariseos

224 2918 253 2961 et
286 2905 396 2962 milites
429 2919 457 2962 et
485 2905 676 2962 Herodianos
709 2917 865 2979 tamquam
897 2905 1011 2983 legatos
1039 2923 1109 2960 suos
1138 2922 1213 2978 quos

224 2991 362 3049 Christus
389 3005 477 3049 vocat
507 2991 705 3066 legacionem,
736 2991 948 3048 confirmando
977 2990 1105 3064 logicam
1136 2990 1213 3047 anti-

224 3098 353 3154 quorum
378 3098 438 3155 qua
459 3078 569 3136 dicitur
588 3080 730 3136 sacerdos
752 3097 891 3152 magnus:
917 3090 1047 3154 tempore
1063 3078 1214 3135 iracundie

182 3167 321 3242 Sosactus
345 3178 388 3223 est
415 3167 630 3235 reconciliacio;
650 3184 705 3222 nec
733 3184 867 3240 unquam
889 3164 998 3239 legitur
1020 3167 1102 3239 quod
1125 3163 1213 3221 mise·

158 3244 214 3338 *⁷⁰¹4
224 3266 294 3311 runt
314 3248 319 3335 l
340 3252 437 3309 dictos
461 3254 575 3327 legatos
594 3263 662 3329 post
688 3272 751 3309 eum
776 3251 832 3309 nisi
850 3254 895 3308 vel
920 3266 952 3308 ut
977 3270 1044 3308 eum
1070 3264 1213 3325 caperent

154 3327 160 3360 ¹
187 3329 199 3373 ⁷
224 3340 255 3397 in
282 3359 422 3397 sermone
444 3341 491 3398 vel
521 3340 812 3414 comprehenderent
840 3339 1052 3409 occidendum,
1078 3352 1106 3395 et
1130 3351 1213 3395 utro·

224 3427 315 3502 bique
335 3427 472 3484 dixerunt
496 3425 704 3502 multipliciter
721 3440 782 3483 tam
801 3428 891 3483 verbo
908 3445 999 3501 quam
1021 3443 1113 3499 opere
1130 3427 1211 3500 quod

223 3516 386 3571 noluerunt
402 3513 501 3589 ipsum
526 3533 651 3588 regnare
674 3532 765 3587 super
788 3513 884 3588 ipsos,
907 3532 979 3570 nam
1004 3515 1099 3586 legem
1124 3531 1209 3569 suam

182 3606 212 3658 35
224 3615 479 3676 contempserant,
507 3601 599 3659 vitam
635 3614 664 3657 et
697 3600 844 3657 miracula
876 3620 930 3657 sua
957 3603 1155 3675 despexerant
1183 3612 1212 3656 et

224 3691 346 3746 demum
366 3690 470 3762 Pylato
493 3687 669 3763 imponente
693 3687 735 3745 eis
756 3690 838 3762 quod
855 3687 910 3744 fuit
927 3706 976 3744 rex
993 3705 1114 3744 eorum:
1139 3687 1212 3760 Nos,

275 3884 295 3916 2.
311 3872 363 3916 DE:
379 3873 553 3928 degenerarunt.
621 3885 644 3924 4.
660 3872 679 3914 D
694 3870 717 3915 in
733 3883 818 3926 marg:
834 3871 905 3931 Regio
921 3871 1055 3966 longinqqa.
1120 3870 1147 3932 6.Ι
1157 3868 1209 3914 DE:

224 3931 379 3980 estpersonc.
447 3925 467 3966 8.
483 3927 516 3967 A:
533 3931 609 3967 autem
625 3924 696 3966 deest.
770 3937 796 3967 11.
812 3924 854 3967 Ab
871 3937 892 3967 111
909 3936 997 3977 marg:
1032 3936 1103 3966 onum
1120 3931 1147 3967 tn
1167 3923 1210 3966 lex.

224 3989 295 4028 11,12.
311 3977 363 4020 DE:
379 3976 422 4019 sibi
439 3977 591 4020 servicncium
607 3976 678 4036 deest.
734 3976 761 4020 15.
773 3976 804 4018 D:
821 3989 868 4019 eos.
924 3988 953 4031 ¹7·
964 3977 999 4020 A:
1015 3936 1211 4030 promovendum.

223 4030 254 4073 18.
270 4031 303 4072 A:
319 4030 347 4072 ad
363 4029 440 4072 tinem.
496 4027 662 4084 19.h:hu1ns
677 4029 727 4072 hoc.
782 4028 988 4071 aohroderant.
1043 4039 1072 4071 21.
1089 4028 1211 4071 lthcon·

224 4082 353 4137 spirarunt:
369 4081 399 4123 ib.
411 4083 443 4124 A:
460 4081 514 4136 quia
529 4081 600 4124 deest.
650 4092 683 4123 22.
700 4081 739 4123 DE
754 4082 776 4123 in
793 4093 878 4134 marg:
894 4080 999 4123 Amicus.
1051 4080 1083 4123 23.
1099 4083 1133 4123 A:
1150 4087 1211 4122 sunt.

223 4146 258 4187 ²4·
270 4136 304 4230 ᾗς
321 4132 417 4177 Christi.
472 4133 503 4177 25.
518 4132 599 4176 Recte:
615 4131 695 4175 Matth.
711 4133 805 4179 xxvh.
821 4133 855 4176 5ο.
916 4144 950 4187 27.
966 4133 1000 4175 A:
1016 4140 1040 4175 ut
1055 4133 1210 4176 Herodianus.

223 4199 258 4228 2.
302 4202 307 4228 :

223 4199 302 4282 cirum
319 4199 394 4291 iscam
410 4238 440 4280 ib.
453 4239 474 4281 Α
489 4239 512 4280 in
529 4249 617 4291 marg:
632 4237 721 4280 Contra
736 4239 845 4292 prelatos.

224 4361 317 4468 maa.
331 4347 428 4468 5Matth.
451 4347 481 4409 X,
501 4344 540 4398 36.
609 4363 648 4414 29.
670 4344 844 4396 Ecclesiastici
865 4346 957 4406 XLIV,
980 4362 1017 4412 ¹7·
1086 4344 1127 4397 36.
1145 4343 1205 4399 Joh.

286 4434 354 4480 5¹·
583 4436 593 4458 ’

1291 1741 1367 1784 grace.

1250 2302 1301 2347 The
1317 2302 1401 2359 priests

1243 2357 1310 2399 hatcd
1327 2356 1413 2401 Christ.

339 4186 384 4228 uod
400 4185 516 4228 sacerdos.
589 4184 623 4236 34.
640 4184 773 4237 ltE:ittos;
795 4185 956 4228 ihhzsuam
973 4185 1043 4228 deest.
1106 4183 1209 4228 mna:
1287 4184 1289 4188 '
